1914 3083
1780 0 1855 16 ’πων

1892 125 1914 146 ’.ἦ

184 102 255 136 276
624 103 713 136 Lm.
744 102 810 136 lv.
841 122 853 126 -
881 101 989 136 PARS
1016 102 1046 136 Ι.
1079 121 1093 126 -
1120 101 1178 136 De
1203 101 1359 136 tudiciis
1597 102 1692 138 Can.
1721 105 1814 140 1755

354 223 405 259 1⁰.
455 220 640 259 parochi
684 233 816 260 vsensu
865 219 1041 260 canonis
1087 223 1160 260 451
1213 219 1230 264 ἓ
1273 222 1312 269 2,
1364 220 1494 262 idest:
1548 236 1569 261 (‹
1592 222 1810 274 quasi-pa-

187 285 302 324 rochi
340 284 468 323 etiam
504 289 543 322 et
583 284 728 323 vicarii
769 284 1049 334 paroeciales,
1092 284 1126 322 si
1166 284 1290 336 plena
1330 290 1535 336 potestate
1576 287 1806 338 paroeciali

184 348 267 387 sint
303 348 482 399 praediti
506 362 542 395 ›>,
580 348 664 387 imo
698 348 854 398 aliique
889 349 1148 396 sacerdotes,
1185 350 1379 401 quamvis
1413 350 1529 390 nullo
1565 351 1708 391 officio
1745 365 1809 391 ec—

187 412 425 452 clesiastico
455 412 591 465 potiti,
622 426 674 451 eo
702 413 818 464 quod
851 412 1005 452 «labia
1038 414 1272 454 sacerdotis
1304 415 1541 454 custodient
1567 415 1805 463 scientiam,

186 482 225 515 et
253 477 391 528 legem
420 476 635 528 requirent
664 490 714 516 ex
744 490 815 516 ore
845 476 978 517 eius»
1008 477 1179 529 (Malae.
1213 478 1267 525 II,
1297 481 1338 528 7)
1368 478 1493 518 etiam
1522 479 1562 518 in
1593 479 1716 530 praxi
1742 493 1808 519 se-

185 542 368 593 quenda,
408 541 522 591 quod
558 541 701 580 attinet
737 542 792 580 ad
830 556 877 580 ea
916 556 1022 593 quac
1063 543 1166 593 ipsis
1205 544 1473 594 manifestata
1511 549 1605 583 sunt
1644 545 1806 584 ratione

185 608 296 646 sacri
325 607 562 654 ministerii,
595 620 678 645 non
708 607 847 646 solum
877 607 1021 646 stricto
1047 620 1178 646 sensu
1209 607 1339 647 divini
1370 608 1506 648 cultu-s
1536 609 1600 647 vel
1632 609 1808 650 admini-

185 671 402 711 strationis
435 677 798 710 sacramentorum
829 677 870 710 -et
904 671 1290 720 sacramentalium,
1325 673 1399 712 sed
1428 672 1557 712 etiam
1590 673 1804 714 obtinendi

184 735 410 775 consilium
444 736 484 774 in
519 736 829 787 spiritualibus,
867 750 941 775 seu
975 736 1145 776 casibus
1179 737 1477 785 conscientiae,
1515 742 1632 777 eoetra
1666 752 1807 778 sacra-

184 801 408 839 mentalem
440 800 769 851 consessionem,
804 801 902 852 quia
935 800 1060 841 huius
1093 815 1219 841 causa
1250 807 1315 841 est
1346 801 1461 842 aliud
1495 804 1805 854 praescriptum

184 865 292 904 infra
313 866 630 917 exponendum;
657 869 697 916 a)
721 866 935 905 civitatum
960 880 1033 905 seu
1059 866 1245 906 civilium
1272 867 1620 907 communitatum
1645 867 1802 919 publici

184 930 456 981 niaqistratas
489 930 791 982 cuiuscumque
823 929 986 970 ordinis
1011 930 1112 977 sint,
1146 930 1321 981 politici,
1355 931 1581 979 iudiciarii,
1615 932 1803 983 politiae,

178 994 562 1034 administrationis
585 994 901 1045 temporalium,
926 995 970 1045 b)
995 996 1148 1035 medici
1171 1001 1347 1048 propter
1370 995 1551 1044 titulum,
1574 996 1666 1037 sive
1692 1010 1804 1037 eom—

180 1058 376 1105 muniter,
411 1058 496 1097 sive
529 1059 726 1110 privatim
759 1065 892 1098 artem
923 1073 1043 1098 suam
1074 1066 1312 1107 exerceant,
1346 1064 1383 1111 c)
1416 1061 1679 1110 obstetrices,
1712 1062 1803 1114 qui-

183 1123 262 1161 bus
292 1122 416 1161 facile
449 1122 692 1175 contingere
725 1129 862 1174 potest
890 1124 1121 1175 exemptio,
1155 1125 1197 1175 d)
1229 1124 1423 1164 advocati
1454 1131 1629 1176 propter
1662 1139 1805 1165 mune—

183 1186 243 1225 ris
267 1186 517 1226 exercitium
546 1187 622 1226 et·si
648 1193 768 1226 extra
796 1187 952 1235 forum,
980 1190 1022 1237 e)
1052 1189 1205 1228 notarii
1231 1188 1546 1229 ecclesiasticae
1576 1189 1640 1228 vel
1668 1188 1805 1229 civilis

181 1250 411 1298 societatis,
445 1257 532 1290 tum
562 1251 797 1299 iudiciales,
830 1257 919 1291 tum
950 1252 1308 1300 extraiudiciales,
1341 1252 1426 1291 imo
1457 1253 1497 1292 hi
1530 1266 1676 1293 omnes
1709 1259 1803 1293 sunt

180 1316 408 1363 enunciati,
435 1316 533 1368 quia
559 1322 669 1356 certe
696 1331 715 1355 «
739 1322 931 1356 tenentur
956 1318 1009 1356 ad
1034 1323 1243 1357 secretum
1265 1333 1285 1358 ))
1312 1318 1361 1358 de
1384 1332 1471 1370 quo
1497 1319 1651 1366 statim,
1679 1324 1802 1370 atqu-e

183 1381 351 1421 additur
381 1381 422 1420 in
453 1394 630 1434 genere:
662 1382 695 1432 f)
724 1382 882 1433 aliique
914 1395 1061 1421 omnes
1090 1382 1169 1421 viri
1200 1396 1248 1422 ac
1276 1382 1478 1423 mulieres
1508 1383 1707 1435 baptizati
1738 1384 1803 1423 vel

183 1460 266 1485 non
293 1447 365 1497 qui
391 1446 548 1486 motivo
575 1446 764 1498 quolibet
788 1460 826 1486 V.
857 1460 921 1499 gr.
950 1446 1139 1487 muneris
1166 1446 1206 1486 in
1235 1447 1476 1499 campsoria
1505 1447 1704 1488 societate
1734 1454 1803 1488 aut

181 1510 420 1550 industriali
454 1511 509 1549 ad
544 1515 752 1551 secretum
788 1511 919 1564 οῘῘίσίί
954 1511 1140 1563 susc-epti
1174 1517 1262 1551 tum
1297 1526 1391 1552 cum
1428 1512 1679 1559 iuramentO,
1715 1518 1804 1552 tum

177 1589 231 1615 ex
261 1575 640 1627 quasi-contractu,
678 1577 803 1615 etiarn
838 1576 1000 1616 ratione
1035 1577 1229 1627 praestiti
1263 1577 1432 1617 consilii
1466 1578 1518 1617 ad
1553 1578 1666 1629 quod
1701 1578 1803 1617 dan-

178 1640 278 1679 dum
310 1645 484 1692 propter
516 1640 620 1680 illud
651 1654 735 1680 non
767 1640 1074 1693 obligarentur,
1108 1646 1314 1689 tenentur,
1348 1642 1510 1681 ratione
1545 1644 1694 1682 secreti
1727 1643 1801 1681 hu-

178 1703 377 1751 iusmodi,
405 1705 516 1756 quod
544 1704 584 1743 in
609 1705 792 1744 humana
816 1705 1018 1745 societate
1042 1711 1106 1745 est
1127 1706 1285 1746 summi
1310 1706 1526 1754 momenti,
1555 1706 1611 1746 ait
1637 1719 1796 1746 oanon:

178 1770 293 1819 quod
326 1769 469 1809 attinet
504 1770 558 1808 ad
592 1771 762 1821 neyotia
798 1784 872 1810 seu
906 1770 1016 1811 facta
1052 1771 1148 1810 huic
1184 1776 1345 1811 secreto
1382 1772 1580 1811 obnoxia.
1621 1771 1670 1811 Et
1705 1785 1799 1812 cum

177 1833 256 1873 hoc
282 1834 337 1874 ¹sit
367 1834 472 1873 iuris
502 1835 708 1874 naturalis
738 1840 878 1874 manet
903 1835 1099 1875 ¹fulcitum
1130 1835 1415 1875 ecclesiastica
1447 1836 1554 1888 lege.

336 1900 389 1937 2⁰.
432 1914 452 1937 «
477 1898 728 1938 Eximuntur
765 1900 821 1939 ab
856 1899 1159 1952 obligatione»
1198 1901 1277 1939 hoc
1314 1899 1355 1938 in
1394 1913 1554 1939 canone
1591 1913 1798 1951 expressa

180 1964 251 2013 qui
279 1977 329 2002 es:
355 1963 648 2015 testificatione
675 1978 752 2004 saa
779 1964 966 2004 iudiciali
994 1964 1157 2003 ratione
1185 1964 1321 2015 ipsius
1349 1964 1629 2005 attestationis
1656 1965 1721 2004 vel
1746 1979 1799 2006 ex

179 2041 309 2078 prava
344 2028 556 2068 voluntate
592 2028 773 2068 aliorum
809 2031 850 2079 a)
884 2029 967 2069 sibi
1003 2030 1066 2068 vel
1100 2030 1144 2079 b)
1179 2030 1507 2081 consanguineis
1540 2043 1592 2069 eo
1627 2030 1742 2082 quod
1777 2043 1799 2069 a

180 2092 391 2131 communi
418 2092 558 2143 stipite
584 2093 819 2144 procedunt
844 2094 907 2133 vel
933 2096 970 2144 c)
993 2094 1197 2146 affinibus
1225 2093 1323 2145 quia
1350 2093 1620 2133 matrimonio
1647 2093 1800 2134 iunctis

178 2156 297 2196 testis
327 2157 660 2209 consanguineo,
692 2171 777 2197 non
806 2158 1003 2198 omnibu-s
1034 2158 1107 2198 sed
1139 2158 1190 2197 ob
1222 2158 1462 2210 proximam
1492 2159 1729 2198 naturalem
1760 2172 1802 2198 a·

179 2220 380 2261 micitiam
411 2221 710 2273 impedientem
756 2222 1088 2270 matrimonium,
1139 2236 1290 2274 nempe
1340 2223 1380 2262 in
1428 2224 1615 2274 quolibet
1663 2224 1799 2275 gradu

179 2285 313 2324 lineae
344 2290 481 2326 rectae
512 2291 548 2325 et
581 2287 619 2326 in
649 2287 787 2337 primo
818 2287 954 2339 earadii
985 2288 1120 2326 lineae
1150 2288 1423 2335 collateralis,
1456 2301 1564 2340 quae
1595 2288 1731 2328 lineae
1758 2294 1799 2327 et

180 2350 339 2401 gradus
369 2350 569 2402 explicati
603 2357 772 2391 manent
804 2352 856 2392 ad
888 2365 981 2391 can.
1015 2353 1080 2400 96,
1113 2354 1178 2399 97,
1214 2354 1254 2402 a)
1288 2352 1506 2403 infamiam
1538 2352 1653 2400 facti,
1684 2352 1800 2392 vscili-

180 2419 265 2453 cet:
298 2415 467 2466 quando
496 2430 516 2453 «
541 2416 592 2454 ob
624 2421 835 2466 patratum
865 2415 1064 2455 delictum
1092 2416 1156 2455 vel
1186 2417 1238 2456 ob
1268 2430 1425 2469 pravos
1455 2421 1610 2463 mores,
1642 2417 1798 2456 bonam

176 2478 533 2518 existimationem
571 2481 684 2530 apud
725 2480 870 2519 fideles
905 2486 946 2520 et
985 2480 1145 2531 probos
1184 2481 1401 2520 amissio»
1440 2481 1709 2521 induceretur
1748 2495 1796 2520 ex

176 2543 250 2582 tali
273 2543 628 2591 manifestatione,
656 2545 698 2594 b)
721 2545 987 2595 periculosas
1014 2546 1272 2594 vexati-ones,
1300 2546 1430 2586 ide-st:
1453 2545 1677 2586 ‘molestias
1702 2559 1798 2598 gra-

178 2621 250 2648 ves
276 2622 370 2647 cum
398 2608 586 2659 periculo
613 2609 755 2660 gravis
782 2609 897 2657 mali,
927 2613 964 2659 c)
989 2610 1124 2649 aliave
1152 2611 1263 2649 mala
1289 2611 1430 2662 quoad
1457 2611 1567 2650 bona
1594 2615 1798 2663 patrimo-

178 2673 306 2720 nalia,
339 2673 537 2720 officium,
569 2674 792 2713 sanitatem
821 2674 885 2712 vel
915 2674 1042 2713 vitam
1068 2681 1148 2714 etc.
1183 2675 1302 2714 ratde
1332 2676 1494 2726 gravia,
1525 2675 1647 2727 quasi
1678 2681 1794 2715 extra

178 2738 370 2777 ordinem
405 2738 637 2778 obventura
675 2739 817 2778 tinient
855 2752 949 2777 cum
986 2739 1182 2789 prudenti
1220 2739 1390 2779 iudicio.
1433 2740 1547 2780 Haec
1581 2740 1797 2791 exemptio

179 2802 262 2842 iam
286 2801 495 2842 invenitur
519 2802 560 2841 in
586 2816 679 2854 cap.
704 2805 728 2842 3
753 2803 847 2842 «de
872 2802 1049 2843 testibus
1075 2803 1278 2855 cogendis
1302 2803 1367 2843 vel
1392 2817 1476 2843 non
1499 2819 1519 2844 »
1546 2804 1618 2854 (ΙΙ,
1645 2806 1713 2850 21)
1739 2804 1792 2844 X:

179 2881 199 2905 «
224 2866 314 2906 Nisi
341 2866 447 2906 forte
474 2866 624 2906 timore
650 2867 853 2906 adversae
879 2867 1013 2918 partis
1039 2867 1272 2906 constiterit
1298 2867 1440 2914 iudici,
1470 2881 1542 2907 eos
1570 2881 1590 2907 a
1619 2868 1797 2908 ferendo
