1914 3083
178 77 248 110 278
633 76 721 110 Lm.
752 76 818 109 IV.
847 95 860 100 —
889 75 997 109 PARS
1025 76 1056 110 1.
1084 95 1098 100 -
1125 75 1183 110 De
1208 75 1368 110 iudiciis*

183 208 231 234 ac
255 194 517 246 perpendere
543 194 839 245 undequaque,
862 198 903 232 et
926 193 1021 232 hinc
1046 194 1133 232 :tr-t.
1162 195 1199 233 II
1227 194 1417 244 providet
1443 194 1475 233 :l
1504 195 1672 245 quibus,
1699 209 1802 246 quo—

182 259 323 305 modo,
358 263 393 297 et
427 262 525 308 quot
559 261 683 295 testes
718 258 858 296 induci
891 261 926 296 et
960 259 1031 308 qni
1064 258 1231 297 e.relucli
1263 258 1441 308 possint.
1479 259 1667 299 Ecclesia
1703 273 1801 299 vero

181 336 341 361 memor
383 321 636 361 sententiae:
681 322 750 368 (ad
792 322 913 361 Rom.
959 322 1035 368 ΙΙΙ,
1070 322 1118 372 ’4)
1160 323 1275 362 «Est
1319 328 1458 363 autem
1500 323 1614 363 Deus
1654 337 1798 372 verax,

183 386 319 425 omnis
350 392 489 425 autem
520 386 647 424 homo
678 385 919 433 mendax»,
952 391 995 425 ut
1026 386 1340 426 attestationum
1372 387 1601 427 sinceritati
1634 388 1803 439 prospi-

182 450 276 496 ciat,
309 449 506 489 fidelibus
554 449 732 500 imponit
761 449 997 489 iuramento
1029 450 1308 490 c01¹rol.›orare
1356 451 1658 499 testimonium,
1691 453 1800 492 unde

183 515 270 552 Art.
303 514 363 553 III
393 513 583 565 sequitur
611 514 671 552 Dc
703 514 974 553 iureiurando
1004 515 1184 554 testium.
1217 515 1324 555 Cum
1353 516 1566 566 deponant.
1594 522 1722 557 testes
1748 517 1801 556 de

180 579 304 618 sactis
334 592 354 618 a
386 579 523 618 iudice
554 579 879 630 cognoscendis,
910 579 1084 618 modum
1115 580 1369 620 servandum
1400 581 1438 619 iu
1472 581 1628 621 iudicio
1656 582 1801 622 statuit

184 642 273 681 Art.
324 642 395 681 1Ιῖ
444 642 506 681 Dc
553 642 722 680 testium
768 642 974 681 eramine.
1025 642 1086 682 Ex
1132 643 1211 683 hoc
1258 644 1475 694 profluunt
1520 644 1796 694 probationes

182 705 504 757 cognoscendae
539 720 561 744 a
600 711 717 756 parte
752 705 979 751 contraria,
1018 719 1125 758 quae
1162 706 1315 757 poterit
1348 707 1547 747 fortassis
1579 721 1654 747 eas
1689 709 1802 759 apud

181 768 363 809 iudicem
395 770 645 820 prudentem
676 769 907 818 infirmare,
939 776 1201 823 quapropter
1232 770 1502 824 subiungitur
1531 771 1621 812 Art.
1658 773 1705 812 V.
1738 773 1800 812 De

183 834 521 873 testimoniorum
574 835 840 886 evulyutione
894 849 1124 886 eorumque
1177 836 1490 885 reprobatione.
1559 837 1803 877 Cavendum

186 904 324 938 autem
350 898 428 938 fuit
453 913 503 938 nc
527 899 681 938 exinde
709 900 910 938 damnum
937 899 1150 950 patiantur
1177 905 1319 947 testes⁷
1350 906 1473 952 atque
1502 901 1627 941 huius
1653 902 1803 941 timore

185 962 314 1014 aliqui
350 964 664 1002 retraherentur
700 977 720 1002 a
757 977 856 1003 vero
892 964 1068 1004 ferendo
1102 964 1360 1004 testimonio.
1400 966 1544 1017 Neque
1582 965 1712 1006 defuit
1749 966 1807 1006 le-

185 1026 362 1078 gislator
395 1026 435 1066 in
467 1027 544 1066 hac
576 1033 711 1078 parte,
741 1041 793 1067 eo
826 1028 939 1079 quod
968 1034 1173 1080 sequatur
1204 1030 1292 1068 Art.
1334 1030 1401 1068 VI.
1438 1030 1499 1069 De
1535 1030 1805 1069 indemnitate

188 1091 369 1129 testium.
399 1091 551 1140 Qualis
573 1091 754 1143 denique
779 1091 843 1131 vis
867 1092 1077 1142 probandi
1102 1092 1167 1131 lii-s
1194 1093 1390 1133 omnibus
1416 1094 1593 1134 servatis
1617 1100 1805 1142 eruatur,

188 1154 275 1193 Art.
314 1155 387 1193 1'11
415 1154 539 1194 edicit
570 1154 800 1207 inscriptus
828 1155 890 1194 De
920 1156 1259 1195 testimoniorum
1286 1157 1383 1209 ficte.

521 1281 650 1322 ΛΒΤ.
695 1281 731 1322 Ι.
768 1306 820 1310 -
861 1281 948 1334 Qui
981 1286 1107 1323 testes
1150 1295 1238 1322 esse
1277 1283 1466 1336 possint.

221 1390 322 1425 CAN.
352 1392 456 1425 1756.
485 1411 498 1416 -
526 1391 671 1425 Omnes
690 1396 858 1436 possunt
873 1403 959 1427 esse

174 1442 313 1482 testes,
342 1438 423 1473 nisi
451 1449 638 1482 expresse
664 1450 685 1473 a
713 1440 800 1474 iure
831 1440 958 1484 repel-

174 1486 310 1520 lantur
336 1486 401 1520 vel
430 1486 472 1519 111
500 1490 631 1520 totum
658 1487 724 1521 vel
751 1498 800 1521 ex
826 1491 954 1531 parte.

221 1533 321 1568 CAN.
351 1534 456 1567 1757.
486 1553 499 1559 -
526 1537 542 1574 §
569 1535 603 1567 1.
633 1534 686 1568 Ut
714 1546 791 1569 non
819 1534 956 1569 idonei

172 1580 426 1625 repelluntur
452 1592 472 1615 a
512 1581 746 1616 testimonio
789 1582 957 1617 ferendo

172 1627 403 1672 impuberes
428 1632 467 1662 et
494 1633 628 1663 mente
656 1629 827 1664 debiles.

219 1679 236 1717 x}
267 1677 300 1709 2.
324 1676 375 1710 Ut
403 1676 606 1720 suspecti:

242 1724 297 1757 1.ο
324 1723 687 1767 Excommunicati,
709 1724 876 1769 periuri,
897 1724 956 1759 in-

174 1769 314 1813 fames,
343 1775 433 1814 post
460 1771 703 1805 sententiam
735 1771 957 1807 declarato-

170 1817 270 1851 riam
298 1818 363 1851 vel
390 1818 787 1863 condemnatoriam,

240 1867 296 1899 2.0
323 1865 398 1907 Qui
426 1866 481 1900 ita
509 1866 680 1901 abiectis
707 1870 800 1901 sunt
838 1866 956 1901 mori—

172 1912 246 1947 bus
273 1916 317 1947 ut
343 1912 421 1947 fide
449 1913 562 1958 digni
591 1925 670 1948 non
698 1914 953 1959 habeantur3

241 1961 296 1994 3.0
316 1960 473 1995 Publici
493 1972 715 2006 gravesque
734 1962 862 2006 partis
881 1962 956 1996 ini-

170 2007 277 2041 mici.

217 2058 233 2096 §
260 2056 295 2089 3.
325 2055 377 2089 Ut
405 2055 643 2099 incapaces:

240 2104 294 2135 1.Ο
321 2102 396 2143 Qui
424 2109 560 2147 partes
600 2107 695 2138 sunt
735 2103 777 2138 in
820 2114 954 2147 causa,

169 2155 239 2183 aut
264 2150 439 2193 partium
456 2151 544 2185 vice
563 2150 802 2195 funguntur,
825 2151 955 2186 veluti

169 2200 278 2230 tutor
316 2197 358 2230 in
401 2208 518 2232 causa
562 2198 725 2243 pupilli,
767 2198 957 2243 Superior

168 2248 238 2278 aut
265 2244 574 2280 administrator
616 2246 659 2279 in
698 2257 818 2280 causa
860 2257 956 2281 suae

168 2291 471 2327 communitatis
499 2296 568 2327 aut
594 2293 686 2337 piae
714 2304 869 2337 causae,
892 2305 956 2327 cu-

167 2337 230 2371 ius
269 2340 430 2374 nomine
474 2340 516 2374 in
559 2340 713 2375 iudicio
752 2340 954 2384 consistit,

165 2385 287 2419 iudex
315 2387 455 2421 eiusve
491 2388 742 2430 assistentes,
784 2388 955 2423 advoca-

169 2436 234 2467 tus
261 2433 410 2477 aliique
440 2435 506 2478 qui
536 2435 720 2478 partibus
746 2435 789 2469 in
816 2435 956 2470 eadem

168 2490 287 2514 causa
313 2481 511 2516 assistunt
539 2482 603 2516 vel
631 2482 878 2527 astiterunt,

1105 1393 1160 1426 2.ο
1187 1392 1436 1435 Sacerdotes,
1466 1394 1572 1437 quod
1591 1394 1740 1429 attinet
1767 1395 1817 1430 ad

1033 1450 1079 1474 ea
1106 1439 1241 1474 omnia
1268 1451 1369 1484 quae
1396 1440 1495 1484 ipsis
1521 1453 1570 1476 ex
1596 1442 1816 1477 confessio-

1028 1498 1078 1521 ne
1095 1487 1378 1522 sacrament-ali
1396 1487 1674 1533 innotuerunt,
1703 1490 1780 1525 etsi
1795 1501 1817 1525 a

1029 1534 1195 1569 vinculo
1222 1535 1350 1580 sigilli
1370 1535 1492 1570 soluti
1512 1536 1594 1571 sint
1612 1550 1619 1571 :
1648 1537 1729 1572 imo
1749 1549 1816 1573 au-

1030 1582 1118 1616 dita
1143 1593 1164 1616 a
1193 1582 1335 1626 quovis
1362 1587 1403 1618 et
1430 1594 1588 1628 quoquo
1614 1585 1732 1619 modo
1754 1597 1818 1621 oc-

1029 1630 1191 1664 casione
1207 1630 1477 1665 confessionis
1491 1643 1540 1666 ne
1556 1635 1601 1666 ut
1616 1632 1815 1668 indicium

1030 1677 1193 1721 quidem
1216 1677 1404 1712 veritatis
1431 1679 1556 1723 recipi
1576 1684 1745 1723 possunt
1757 1693 1767 1725 ;

1101 1725 1156 1759 3.⁰
1183 1725 1338 1759 Coniux
1365 1725 1407 1759 in
1434 1736 1553 1761 causa
1580 1727 1641 1762 sui
1680 1728 1816 1762 eoniu-

1029 1771 1102 1816 gis,
1149 1773 1473 1817 consanguineus
1515 1777 1556 1808 et
1597 1774 1731 1810 affinis
1773 1775 1816 1809 in

1030 1830 1149 1854 causa
1176 1820 1465 1865 consanguinei
1494 1821 1560 1856 vel
1587 1822 1731 1867 affinis,
1772 1822 1815 1856 in

1029 1867 1213 1910 quolibet
1239 1868 1367 1912 gradu
1394 1868 1527 1903 lineae
1554 1873 1688 1904 rectae
1708 1874 1749 1905 et
1773 1870 1817 1904 in

1028 1914 1158 1958 primo
1184 1915 1313 1960 gradu
1340 1915 1602 1960 collateralis,
1626 1917 1707 1952 nisi
1725 1928 1816 1962 aga-

1029 1965 1095 1996 tur
1121 1961 1170 1996 de
1197 1963 1330 1997 causis
1357 1973 1458 2007 quae
1486 1963 1537 1998 ad
1576 1968 1727 2000 statum
1764 1964 1818 1999 ci-

1028 2009 1152 2043 vilem
1171 2013 1240 2044 aut
1259 2010 1496 2055 religiosum
1516 2022 1710 2055 personae
1730 2023 1816 2057 spe·
1843 2035 1847 2039 -

1029 2060 1155 2101 etant,
1185 2057 1299 2092 cuius
1328 2058 1478 2093 notitia
1497 2059 1662 2094 aliunde
1680 2059 1819 2095 haberi

1029 2108 1216 2148 nequeat,
1246 2109 1285 2139 et
1312 2105 1462 2140 bonum
1488 2107 1695 2150 publicum
1737 2107 1818 2142 exi-

1030 2156 1101 2196 gat
1127 2155 1171 2186 ut
1197 2152 1409 2188 habeatur.

1078 2198 1179 2234 CAN.
1226 2201 1331 2235 1758.
1362 2221 1375 2226 -
1402 2201 1490 2234 Non
1516 2201 1655 2236 idonei
1675 2205 1717 2236 et
1736 2211 1819 2236 sus-

1028 2246 1137 2290 pecti
1164 2247 1301 2281 audiri
1338 2251 1531 2292 poterunt
1570 2260 1618 2283 ex
1657 2249 1819 2284 decreto

1029 2293 1193 2337 iudicis,
1223 2306 1300 2339 quo
1328 2295 1371 2329 id
1414 2296 1605 2339 expedire
1645 2296 1819 2332 declare-

1028 2344 1119 2385 tur,
1150 2342 1221 2376 sed
1258 2353 1394 2377 eorum
1436 2343 1715 2378 testimonium
1753 2355 1820 2379 va-

1027 2388 1131 2423 lebit
1157 2391 1440 2425 tantummodo
1469 2395 1511 2425 ut
1537 2390 1735 2426 indicium
1778 2394 1818 2426 et

1028 2437 1284 2480 probationis
1310 2437 1619 2483 adminiculum,
1637 2442 1677 2474 et
1702 2449 1820 2484 gene—

1027 2484 1148 2519 ratim
1176 2484 1347 2519 iniurati
1374 2485 1608 2521 audiantur.

270 2576 376 2610 260.
398 2576 642 2620 Inscriptio
658 2577 842 2613 articuli
855 2578 1040 2623 eiusque
1054 2589 1259 2628 canones.
1274 2600 1317 2605 —
1335 2575 1440 2625 Cap.
1471 2578 1488 2614 1
1518 2589 1539 2614 «
1562 2575 1612 2615 de
1637 2575 1814 2615 testibus

181 2639 218 2673 et
243 2634 581 2674 attestationibus
604 2651 623 2673 »
646 2636 718 2686 (II,
740 2638 808 2686 20)
831 2636 862 2675 X
881 2637 984 2677 haec
1006 2638 1128 2677 habet
1152 2652 1204 2677 cx
1226 2639 1356 2678 Cone.
1382 2639 1636 2679 Matercen.:

1664 2654 1683 2679 «
1707 2639 1803 2678 Pla-

180 2697 262 2736 cuit
294 2704 438 2738 sancto
468 2699 706 2741 conventui.
739 2706 779 2740 ut
812 2706 937 2741 testes
967 2715 1050 2740 non
1081 2702 1370 2741 conducantur
1401 2703 1538 2754 pretio
1565 2709 1607 2743 et
1636 2709 1679 2743 ut
1708 2703 1800 2755 qui-

184 2775 363 2813 cumque
391 2762 530 2802 idonei
558 2769 593 2802 et
641 2764 787 2803 fideles
836 2764 876 2802 111
926 2764 1213 2805 testimonium
1262 2773 1626 2806 assumantur»...

1682 2768 1800 2817 Quae

182 2826 392 2876 posterior
424 2827 613 2867 clausula
645 2828 704 2867 sic
735 2828 961 2879 exponitur
993 2843 1014 2868 a
1046 2829 1223 2870 Glossa:
1259 2830 1485 2871 «Idoneus
1518 2832 1797 2884 reputabitur,
