1914 3083
1812 0 1914 59 ’Ἲς

240 108 311 140 452
691 108 782 141 Lm.
811 107 877 141 IV.
907 127 919 132 -
947 107 1056 141 PARS
1082 108 1114 141 I.
1143 126 1156 130 -
1183 107 1241 141 Dc
1266 107 1422 142 iudiciis
1506 93 1509 95 ,
1586 145 1593 148 ⁴
1655 108 1751 143 Can.
1780 110 1873 144 1933

246 227 448 267 canonica
484 227 633 266 saltem
667 226 989 267 indeterminata
1012 242 1033 268 »
1068 228 1179 279 (can.
1214 230 1334 276 2195,
1370 227 1387 272 ἓ
1423 231 1476 279 1),
1510 229 1587 269 sed
1621 230 1789 271 additur
1824 230 1866 270 in

245 305 420 337 canone,
453 296 494 330 ut
525 291 606 330 sint
635 291 821 342 publica,
854 305 962 343 quae
993 305 1143 343 nempe
1175 292 1302 332 «iam
1333 292 1549 345 divulgata
1577 299 1676 334 sunt
1707 301 1777 334 aut
1806 300 1867 334 ta-

244 356 355 395 libus
389 355 635 406 contingunt
669 369 742 394 seu
775 361 998 395 versantur
1031 355 1072 394 in
1106 356 1316 396 adiunctis
1348 362 1391 396 ut
1424 357 1653 408 prudenter
1687 357 1865 398 iudicari

242 420 379 472 possit
397 426 438 460 et
461 419 611 460 debeat
632 420 757 460 facile
778 420 1045 472 divulgatum
1066 419 1118 460 iri
1140 436 1160 462 ))
1185 422 1295 473 (can.
1320 423 1439 470 2197,
1467 424 1536 473 1⁰).
1565 423 1657 463 Hos
1680 436 1864 464 canones

236 485 341 525 alibi
375 485 456 525 sub
496 485 624 524 Libro
661 486 698 525 V
736 485 774 524 in
816 485 1132 526 Commentario
1171 487 1330 526 Textus
1366 486 1619 539 explicatos,
1661 487 1863 528 benevole

239 550 386 597 lector,
415 549 619 589 invenies.

349 614 431 653 Sed
452 627 538 652 *non
563 614 703 652 omnia
729 629 748 652 «
773 613 921 653 delicta
950 613 1119 665 publica
1144 628 1180 661 »,
1207 627 1304 654 nam
1327 613 1344 658 ἓ
1366 615 1713 666 2.E<1:cipiuntur
1733 629 1758 655 a
1785 616 1864 656 cri-

243 678 411 718 minali-s
439 678 583 718 iudicii
612 678 776 718 obiecto
804 679 956 718 delicia
985 678 1158 730 proprie
1187 684 1229 718 ut
1257 692 1402 730 supra,
1431 685 1473 719 et
1499 680 1644 719 forsan
1675 680 1861 732 publica,

239 748 525 782 verumtamen
564 742 787 793 plectenda
823 742 1113 783 sanctionibus
1150 743 1420 794 poenalibus,
1455 749 1497 783 et
1531 744 1610 784 hac
1644 744 1696 784 de
1734 758 1861 784 causa

238 807 391 847 delicta
419 812 529 854 sunt,
557 808 607 846 (lc
634 807 786 858 quibus
814 807 978 847 delictis
1001 808 1142 859 agitur
1170 808 1210 847 in
1236 822 1327 847 can.
1356 809 1598 848 ‘eicis-2194.
1628 809 1858 849 Videlicet:

240 872 381 924 quoad
409 871 586 912 clericos
612 885 696 911 non
722 871 972 920 residentes,
1003 872 1143 924 quoad
1172 872 1350 912 clericos
1379 873 1720 923 concubinarios,
1747 874 1860 914 circa

239 937 473 988 parochum
515 936 555 975 in
594 936 885 988 adimplendis
925 936 1240 988 paroecialibus
1284 937 1438 977 officiis
1480 938 1780 990 negligentem,
1821 944 1862 978 et

238 1002 408 1053 quando
441 1001 564 1040 liceat
596 1001 827 1052 procedere
860 1001 911 1041 ad
944 1000 1271 1052 suspensionem
1299 1016 1353 1042 ex
1385 1002 1611 1042 informata
1644 1002 1862 1043 conscien—

239 1066 294 1106 tia
322 1066 617 1118 infligendam,
647 1066 864 1118 sequendo
893 1079 1065 1106 normes
1094 1066 1223 1106 Tituli
1250 1066 1411 1107 XXXIII
1440 1067 1566 1107 huius
1596 1067 1727 1108 Libri.

345 1131 652 1171 Rememorans
675 1131 895 1183 legislator
920 1145 964 1171 se
986 1131 1148 1171 dixisse
1173 1131 1214 1170 in
1238 1145 1330 1171 can.
1359 1134 1474 1179 1553,
1501 1132 1517 1176 ἓ
1541 1134 1565 1171 :2
1586 1132 1739 1172 adesse
1764 1146 1861 1172 cau—

237 1210 308 1237 sas
341 1197 425 1236 «in
461 1196 616 1248 quibus
650 1202 739 1236 tum
776 1195 965 1236 Ecclesia
1001 1201 1090 1235 tum
1127 1195 1264 1236 civilis
1298 1202 1486 1248 pote-stas
1522 1209 1655 1248 aeque
1692 1210 1861 1248 compe-

236 1267 370 1301 tentes
404 1267 557 1308 sunt»,
593 1266 636 1300 ut
670 1266 783 1312 patet
816 1266 991 1313 propter
1024 1260 1147 1312 plura
1181 1260 1350 1308 delicta,
1386 1274 1494 1312 quae
1525 1261 1655 1300 simul
1689 1261 1861 1301 laedunt

238 1325 482 1366 societatem
512 1325 678 1365 civilem
704 1330 832 1378 atque
863 1325 1039 1365 crimina
1070 1324 1112 1364 in
1142 1324 1310 1377 legibus
1339 1324 1425 1365 illi-s
1453 1331 1672 1373 vocantur,
1703 1331 1745 1365 et
1776 1324 1860 1365 «in

239 1391 379 1431 causis
407 1391 602 1443 (eisdem)
626 1396 690 1431 est
716 1390 836 1430 locus
862 1389 1154 1443 praeventioni
1177 1404 1214 1438 »;
1242 1389 1259 1433 ἓ
1284 1391 1308 1429 3
1334 1389 1530 1430 conditus
1554 1395 1618 1430 est
1641 1389 1861 1442 sequentis

236 1456 410 1496 tenoris,
439 1457 487 1495 Ιη
514 1456 677 1495 delictis
705 1455 824 1495 miaeii
849 1455 935 1506 fori
962 1455 1188 1495 declaratis
1218 1454 1435 1495 Ordinarii
1462 1455 1514 1495 ad
1542 1468 1736 1494 normam
1765 1468 1856 1494 can.

239 1523 327 1569 198,
359 1520 376 1564 ἓ
409 1523 444 1568 1,
478 1534 554 1560 nec
586 1520 788 1560 officiales
820 1520 1135 1572 Episcoporum
1168 1520 1266 1572 quia
1295 1520 1491 1559 eamdem
1524 1519 1858 1560 iurisdictionem

234 1591 432 1625 exercent
459 1585 500 1624 in
528 1586 623 1625 foro
651 1584 856 1633 iudiciali,
886 1599 936 1624 ne
965 1585 1198 1636 procedant
1227 1584 1268 1623 in
1298 1584 1378 1624 isto
1407 1584 1651 1636 praecipue,
1682 1584 1758 1624 sed
1788 1597 1859 1636 ge-

237 1650 435 1690 neraliter
463 1649 723 1701 intelligatur
747 1650 800 1690 de
830 1649 1018 1701 quolibet
1046 1662 1250 1701 processu
1280 1649 1321 1688 in
1349 1649 1497 1688 ordine
1523 1649 1579 1688 ad
1608 1648 1858 1688 delictorum

235 1716 497 1768 punitionem
519 1730 614 1755 cum
638 1718 677 1765 a)
701 1729 796 1754 reus
821 1715 952 1754 laicus
978 1719 1053 1762 est,
1080 1714 1210 1754 idest:
1238 1719 1363 1765 prout
1387 1713 1660 1765 distinguitur
1684 1727 1707 1752 a
1733 1729 1753 1753 α
1777 1713 1858 1753 cle-

234 1780 322 1820 rico
351 1786 392 1819 et
424 1779 672 1831 religioso»
706 1780 816 1830 (ean.
854 1781 960 1830 107),
996 1783 1033 1818 et
1066 1778 1109 1828 h)
1141 1778 1277 1818 civilis
1311 1777 1600 1829 magistratus,
1635 1776 1766 1817 idest.
1804 1777 1855 1816 ad

232 1858 359 1897 quem
386 1858 557 1884 reorum
586 1843 749 1896 punitio
775 1843 1068 1883 auctoritative
1099 1843 1355 1893 imponenda
1382 1848 1545 1893 spectet
1574 1855 1652 1893 pro
1679 1842 1858 1881 divensi-

232 1915 314 1950 tate
346 1909 679 1962 legislationum,
717 1910 757 1948 in
790 1922 908 1948 reum
941 1908 1281 1947 animadvertens
1318 1921 1395 1959 pro
1429 1907 1519 1947 iure
1553 1920 1646 1954 suo,
1682 1906 1853 1957 publico

234 1976 344 2014 bono
371 1975 474 2014 salis
503 1974 699 2014 consulit.

338 2039 520 2090 Propter
552 2038 679 2077 finem
711 2038 1001 2090 quaere-ndum
1033 2036 1190 2076 iudicio
1225 2036 1448 2083 criminali,
1478 2036 1553 2088 *qui
1583 2041 1647 2075 cst
1678 2034 1855 2075 inflictio

232 2104 296 2143 vel
329 2102 596 2143 observantia
634 2115 883 2154 poenarum,
922 2101 1026 2141 illud
1061 2101 1262 2148 excludit,
1302 2100 1522 2140 limitando
1560 2099 1855 2139 necessitatem

233 2169 249 2211 ,ξ
272 2170 310 2207 4.
336 2168 618 2216 poenitentia,
646 2181 827 2219 quarum
854 2165 1110 2218 praecipuae
1135 2171 1408 2206 recensentur
1435 2165 1476 2204 in
1503 2178 1595 2204 can.
1623 2165 1742 2211 2313,
1769 2163 1787 2207 ἓ
1816 2167 1850 2205 1,

231 2235 273 2284 b)
308 2233 543 2272 remedium
576 2233 757 2285 poenale
792 2231 1011 2284 quodlibet
1042 2245 1096 2271 ex
1132 2236 1312 2282 quatuor
1346 2229 1606 2269 enumeratis
1643 2228 1720 2268 sub
1755 2242 1850 2268 ean.

229 2299 348 2345 2306,
371 2300 408 2348 c)
430 2296 827 2345 eoecommunicalio,
854 2296 896 2347 d)
922 2296 1164 2346 suspensio,
1191 2295 1278 2335 sive
1304 2307 1481 2334 censura
1508 2299 1575 2341 sit,
1598 2292 1688 2333 sive
1714 2306 1850 2344 poena

231 2361 499 2410 vindicativa,
524 2364 565 2412 e)
593 2362 860 2401 interdictum
889 2360 1063 2413 pariter,
1093 2360 1207 2412 quod
1239 2373 1442 2399 censurae
1472 2364 1543 2397 aut
1572 2371 1734 2410 poenae
1764 2356 1854 2396 vin-

228 2426 436 2466 dicativae
475 2426 683 2466 ration-em
725 2426 893 2474 habeat,
938 2426 1017 2465 sub
1061 2425 1328 2465 conditione:
1377 2420 1606 2463 dummodo
1652 2423 1848 2462 delictum

227 2494 387 2530 certum
410 2490 463 2530 sit
489 2490 530 2529 in
556 2503 614 2538 se,
646 2490 725 2538 vel,
755 2490 793 2530 si
820 2494 973 2542 agatur
1003 2489 1054 2529 de
1084 2502 1221 2540 poena
1252 2488 1293 2527 in
1323 2488 1523 2528 delictum
1554 2493 1765 2538 patratum
1794 2500 1847 2526 ex

228 2554 555 2607 probationibus
575 2554 986 2602 extraiudicialibus,
1019 2554 1158 2606 infliyi
1186 2557 1380 2604 possunt,
1412 2552 1467 2591 ita
1498 2558 1540 2591 ut
1567 2552 1618 2591 de
1648 2552 1761 2590 facto
1790 2550 1851 2590 in-

228 2624 450 2658 currantur
477 2618 617 2658 statim
649 2632 671 2657 a
705 2619 989 2670 delinquente,
1025 2619 1149 2658 etiam
1181 2632 1259 2669 per
1290 2617 1463 2656 modum,
1494 2615 1726 2667 praecepti,
1759 2621 1847 2654 tum

227 2682 293 2722 cui
319 2682 574 2735 adiungatur
602 2696 779 2722 censura
810 2683 875 2722 vel
906 2696 1043 2734 poena
1075 2682 1329 2721 incurrenda
1357 2681 1501 2721 statim
1529 2679 1579 2720 ac
1610 2686 1848 2731 transgres-

225 2747 290 2787 sio
321 2746 415 2787 eius
451 2747 537 2794 fiat,
574 2752 662 2786 tum
698 2747 763 2786 cui
799 2746 1019 2786 comitetur
1055 2746 1148 2797 ipsa
1185 2745 1405 2784 inferenda
1439 2744 1583 2784 statim
1619 2749 1845 2796 postquam

225 2812 276 2851 de
309 2810 650 2863 transgressione
690 2810 906 2862 praedicta
946 2809 1193 2857 constiterit,
1234 2815 1322 2848 tum
1360 2808 1618 2860 iniungentis
1660 2807 1846 2859 aliquam

224 2890 278 2916 ex
306 2875 537 2928 praedictis
566 2874 851 2927 poenitentiis,
889 2874 1091 2914 remediis
1124 2873 1392 2926 poenalibus,
1429 2874 1494 2912 vel
1530 2872 1680 2924 poenis
1715 2871 1849 2911 vindi-
