1914 3083
234 52 304 86 454
679 49 768 82 Lm.
798 48 866 82 IV.
894 66 907 71 -
934 47 1043 81 PARS
1070 47 1102 80 Ι.
1129 66 1143 71 -
1170 45 1228 80 De
1254 46 1408 81 indiciis
1645 47 1741 83 Can.
1769 0 1914 95 19341.ε

231 170 466 204 adiumenta
485 167 743 212 suppeditare
762 167 813 202 ad
832 166 1011 202 eiusdem
1134 169 1150 207 ᾗ
1176 167 1211 199 2.
1241 165 1317 200 Sed
1344 166 1377 200 si
1404 169 1548 211 agatur
1565 167 1615 202 de
1633 167 1783 202 iniuria
1796 171 1866 203 aut

233 217 376 252 delicti
401 216 694 260 probationem,
1087 212 1367 248 diffamatione
1393 214 1523 258 gravi,
1550 215 1699 249 clerieo
1726 216 1791 250 vel
1809 227 1867 250 re-

280 264 381 299 CAN.
411 265 517 298 1938.
546 283 559 288 -
599 267 615 304 ᾧ
642 265 675 296 1.
707 263 751 296 Ι11
772 272 890 296 cansa
908 261 1013 295 iniu-
1087 260 1247 304 ligioso,
1300 262 1537 304 praesertim
1578 262 1620 296 in
1664 262 1866 308 dignitate

234 312 382 346 rarinni
407 315 477 346 aut
504 309 809 353 diffamationis,
838 312 884 343 ut
908 309 1015 343 actio
1089 309 1326 352 constituto,
1354 308 1482 353 illa-ta,
1511 313 1582 344 aut
1607 321 1725 354 quam
1753 310 1869 345 cleri-

234 359 457 394 criminalis
496 358 748 401 instituatur,
794 356 1016 401 requiritur
1087 366 1157 389 cus
1190 355 1254 390 vel
1295 355 1509 400 religiosus
1551 357 1623 392 alii
1662 358 1864 402 intulerit,

236 406 401 451 praevia
442 405 699 440 denuntiatio
741 407 812 439 aut
850 404 1014 448 querela
1087 403 1195 437 actio
1237 403 1474 448 criminalis,
1519 404 1682 440 institui
1736 409 1871 450 potest

237 454 363 498 partis
387 454 533 488 laesae.
1089 451 1211 485 etiam
1238 462 1287 485 ex
1313 451 1456 486 officio.

331 555 439 589 4⁷9.
465 552 711 598 Inscriptio
741 552 915 597 capitis
953 551 1134 596 eiusque
1168 562 1374 588 canones.
1404 573 1449 578 —
1488 548 1581 587 Duo
1637 553 1865 600 pertractat

243 614 379 665 Caput
418 614 451 661 I⁷
492 619 700 665 quatenus
738 611 1044 652 connexionem
1083 611 1310 652 desumunt
1343 626 1397 651 ex
1437 612 1599 659 ord-ine,
1641 626 1766 664 quem
1804 612 1865 652 di-

244 684 339 718 cunt
371 678 422 717 ad
454 677 671 717 criminale
702 676 921 725 iudicium,
954 682 993 716 et
1024 682 1119 717 sunt
1146 676 1210 716 sic
1239 689 1469 728 expressa:
1505 678 1566 717 De
1599 677 1864 717 accusatoria

243 743 422 789 actione,
462 755 570 794 quae
606 747 670 781 est
708 756 727 781 «
751 741 817 781 ius
856 741 1139 793 persequendi
1177 741 1491 792 delinquentem
1526 741 1642 794 apud
1679 740 1865 782 tribunal

247 807 477 854 Ecclesiae,
516 812 557 846 ut
592 819 728 857 poena
765 805 905 845 debita
940 806 1163 845 mulctetur
1198 806 1263 845 vel
1296 806 1351 845 *ab
1386 819 1438 846 eo
1475 807 1559 845 iam
1594 805 1763 846 incursa
1799 820 1867 846 ur-

245 877 392 923 geatur
416 886 452 917 »‚
478 876 514 910 ct
539 871 879 917 denunciatione,
905 883 1012 922 quae
1036 870 1075 909 in
1100 883 1253 922 gen-ere
1278 870 1331 910 ad
1355 875 1622 922 praesentem
1645 870 1866 911 materiam

245 937 357 988 quod
397 935 556 983 attinet⁷
593 941 656 975 est
696 935 1024 974 «manifestatio
1064 934 1189 975 alieni
1228 934 1368 974 delicti
1409 934 1629 986 Superiori
1666 935 1867 975 ecclesia-

248 1001 352 1040 stico
383 1001 493 1039 sacta
517 1015 553 1039 )).

353 1065 446 1104 Alia
477 1070 541 1104 est
570 1064 818 1117 evangelica
851 1078 925 1104 seu
959 1064 1191 1111 caritativa,
1227 1065 1325 1116 quia
1358 1065 1398 1104 in
1434 1065 1739 1105 correctionem
1774 1079 1870 1116 pec-

247 1129 381 1169 cantis
414 1130 479 1168 vel
514 1129 798 1181 delinquentis
831 1129 966 1169 solam
1002 1143 1076 1180 per
1111 1143 1155 1169 se
1191 1130 1410 1169 ordinatur
1444 1130 1604 1182 absque
1639 1130 1868 1170 intentione

248 1207 410 1245 poenae
439 1194 590 1245 ipsius.
622 1193 878 1246 Evangelica
906 1208 1006 1233 vero
1035 1194 1290 1245 appellatur,
1321 1194 1420 1246 quia
1447 1208 1501 1234 ex
1529 1195 1672 1235 verbis
1700 1195 1870 1235 Domini

251 1261 346 1299 Iesu
366 1260 482 1310 apud
507 1259 548 1299 S.
574 1260 834 1298 Matthaeum
856 1260 966 1310 (cap.
990 1259 1141 1306 XVIII,
1166 1273 1230 1298 vv.
1256 1262 1305 1299 1-5
1323 1265 1365 1298 et
1390 1262 1454 1310 17)
1474 1264 1539 1299 est
1561 1259 1754 1300 inducta:
1781 1275 1802 1300 «
1827 1260 1870 1300 Si

250 1329 389 1363 nutem
418 1323 657 1375 peccaverit
685 1323 726 1362 in
755 1329 792 1362 tc
822 1323 953 1362 frater
982 1328 1080 1363 tuus
1106 1324 1211 1363 vade
1242 1329 1279 1363 ct
1309 1323 1475 1376 corripe
1503 1337 1600 1363 eum
1630 1323 1736 1364 inter
1763 1330 1802 1364 te
1829 1329 1870 1365 et

250 1388 391 1438 ipsum
414 1388 602 1428 solum...
626 1388 663 1427 si
687 1393 826 1427 autem
848 1393 886 1427 te
910 1401 994 1427 non
1016 1388 1214 1435 audierit,
1241 1388 1394 1428 adhibe
1417 1393 1556 1429 tecum
1580 1389 1717 1429 adhuc
1740 1402 1871 1429 unum

252 1452 316 1491 rel
345 1452 520 1499 duos‚...
552 1453 665 1504 quod
695 1453 729 1492 si
759 1466 842 1491 non
870 1452 1053 1492 audierit
1081 1466 1171 1500 eos,
1204 1453 1269 1492 dic
1303 1452 1576 1492 Ecclesiae».

358 1517 682 1556 Denunciationi
727 1531 808 1569 qua
850 1517 1093 1557 caritativae
1136 1517 1560 1569 contradistinguitur
1602 1518 1872 1558 denunciatio

252 1580 479 1628 iudicialis,
511 1581 598 1620 sive
630 1581 702 1622 fiat
733 1582 785 1621 ad
816 1582 1160 1633 consequendam
1189 1581 1504 1633 reparationem
1536 1582 1699 1635 proprii
1732 1582 1873 1622 damni

253 1660 327 1696 per
367 1645 682 1698 delinquentem
723 1646 843 1693 illati,
888 1646 974 1686 siv-e
1016 1652 1059 1686 ut
1100 1646 1353 1699 delinquens
1393 1646 1592 1698 puniatur
1632 1648 1675 1687 in
1715 1647 1874 1688 bonum

254 1710 483 1750 Ecclesiae.
519 1711 845 1750 Denuneiationi
877 1717 1016 1751 autem
1048 1712 1106 1751 uti
1138 1712 1409 1764 evangelicae
1443 1712 1673 1763 opponitur
1706 1726 1780 1764 per
1813 1713 1875 1752 di-

253 1774 519 1815 stinctionem
550 1775 820 1815 denunciatio
852 1776 1070 1824 canonic-a,
1101 1790 1153 1816 eo
1183 1777 1293 1816 dicta
1325 1777 1438 1829 quod
1470 1777 1559 1816 iure
1592 1777 1673 1817 isto
1704 1778 1875 1830 permit—

251 1840 349 1878 titur
384 1840 448 1879 vel
480 1840 628 1892 *potius
662 1840 893 1892 imponitur
928 1841 1122 1881 facienda
1160 1842 1211 1880 ad
1249 1841 1535 1893 delinquentis
1566 1842 1875 1882 correctionem

255 1917 330 1954 per
361 1917 578 1952 censuras,
611 1905 802 1956 aliasque
834 1919 994 1956 poen-as
1024 1905 1250 1945 inferiores
1279 1906 1538 1953 tentandam,
1570 1907 1635 1946 vel
1663 1906 1791 1946 etiam
1822 1907 1876 1946 ad

258 1968 375 2008 illum
403 1982 478 2020 per
506 1969 783 2009 vindicativas
812 1983 973 2021 pocnias
1002 1971 1282 2010 coercendum
1310 1971 1350 2009 in
1378 1971 1537 2011 bonum
1563 1971 1747 2010 aliorum
1777 1971 1878 2011 fide-

254 2034 371 2081 lium,
408 2034 473 2074 vel
509 2040 551 2073 ut
584 2034 802 2075 societatis
835 2049 985 2074 eorum
1020 2035 1298 2075 incolumitati
1335 2042 1653 2088 praecaveatur.

364 2098 579 2138 Canonica
609 2113 777 2151 quoque
803 2105 865 2139 est
893 2099 1045 2139 eodeni
1076 2099 1255 2152 originis
1284 2113 1425 2146 sensu,
1457 2114 1539 2152 qua
1570 2100 1770 2152 panditur
1803 2101 1878 2140 Su-

258 2163 498 2213 perioribus
535 2164 849 2211 ecclesiasticis,
888 2178 971 2203 non
1008 2164 1199 2216 praecise
1237 2164 1451 2212 delictum,
1489 2165 1564 2204 sed
1602 2165 1878 2216 impedimen-

254 2233 342 2266 tum
374 2242 458 2279 quo
492 2229 595 2268 alter
628 2229 766 2269 fidelis
799 2229 1007 2269 detinetur
1040 2243 1062 2269 a
1095 2229 1374 2269 determinato
1408 2230 1678 2270 matrimonio
1713 2236 1878 2270 contra—

258 2292 395 2331 hendo
425 2293 489 2331 vel
521 2306 541 2331 a
574 2293 847 2345 suscipiendo
874 2307 1000 2333 *sacro
1032 2294 1194 2340 ordine,
1228 2294 1291 2333 vel
1321 2294 1457 2345 ipsius
1487 2295 1540 2334 ad
1570 2295 1677 2334 hanc
1708 2308 1878 2346 promo-

259 2356 415 2395 tionem
448 2357 691 2408 indignitas.

366 2421 586 2460 Canonum
625 2423 729 2461 ordo
765 2423 846 2462 sub
887 2424 965 2463 hoc
1006 2423 1154 2475 Capite
1193 2424 1290 2463 talis
1325 2430 1403 2463 est.
1447 2425 1551 2465 Can.
1596 2427 1694 2464 1934
1736 2425 1879 2464 statuit

259 2483 492 2523 subiectum
531 2484 707 2524 actionis
743 2486 975 2526 criminalis
1010 2487 1286 2526 exercendae.
1324 2487 1441 2526 Idem
1477 2488 1616 2539 quoad
1653 2487 1879 2527 denuncia-

260 2546 418 2586 tionem
440 2548 587 2587 definit
611 2562 704 2588 can.
736 2552 850 2596 1935,
879 2551 943 2589 cui
971 2551 1148 2590 subsunt
1173 2552 1257 2590 duo
1286 2551 1355 2590 alii
1383 2565 1474 2591 can.
1507 2554 1607 2591 193ss
1631 2557 1674 2591 et
1700 2554 1799 2591 1937
1825 2552 1878 2591 de

260 2610 396 2660 ipsius
429 2611 555 2650 inodo
590 2618 713 2663 atquc
748 2613 957 2653 adiunctis
991 2620 1232 2657 tractantes,
1270 2620 1393 2666 atque
1427 2628 1519 2654 can.
1558 2617 1658 2655 1938
1692 2614 1878 2666 loquitur

261 2674 310 2712 de
340 2674 506 2713 actione
537 2674 748 2714 criminali
782 2676 822 2714 in
855 2690 981 2716 causa
1016 2677 1267 2717 iniuriarum
1297 2684 1335 2717 et
1366 2678 1688 2718 diffamationis.

366 2751 473 2786 480.
511 2751 582 2786 Ad
607 2761 735 2795 quem
760 2751 987 2795 pertineat
1029 2745 1283 2784 iudici-aliter
1342 2757 1562 2791 accusare,
1627 2742 1879 2795 praescribit

260 2824 351 2849 can.
390 2812 504 2849 1934.
542 2811 661 2850 :ictio
696 2810 826 2851 idest:
864 2811 973 2850 «ius
1007 2808 1290 2861 persequendi
1325 2809 1638 2860 delinquentem
1672 2808 1785 2859 apud
1820 2809 1882 2848 iu-
