1914 3083
213 104 281 137 17ss
665 104 753 136 Lm.
787 103 850 136 lv.
882 123 885 125 >
922 102 1028 135 Pxns
1059 103 1086 135 1.
1116 122 1129 126 -
1157 102 1214 136 Dc
1242 102 1396 136 indietis
1627 102 1721 137 s'an.
1750 103 1844 137 1667
1894 99 1914 138 “f

219 224 333 264 civili
361 236 444 262 non
474 223 713 275 gaudebant
744 223 772 260 1.
806 221 1088 273 «Antigonus
1113 220 1346 272 episcopus
1371 221 1501 261 dixit:
1531 226 1571 261 et
1600 220 1726 261 infra.
1757 221 1839 261 Aut

219 289 321 328 inita
348 293 469 339 pacta
492 300 617 326 suam
643 286 858 325 obtineant
885 285 1126 325 firmitatem
1152 291 1222 325 aut
1249 290 1479 325 conventus
1507 285 1560 336 (si
1587 299 1631 325 se
1659 299 1743 325 non
1771 299 1840 326 co-

221 352 419 401 liibuerit)
442 350 777 391 ecelesiasticam
801 350 951 389 sentiat
978 349 1264 401 disciplinam.
1294 349 1490 390 Universi
1515 350 1727 398 dixerunt,
1755 363 1839 402 pax

215 422 422 461 seivetur,
459 421 580 467 pacta
615 415 965 454 custodiantur».
1002 415 1051 453 Et
1084 414 1123 453 in
1158 428 1251 465 cap.
1285 417 1309 453 3
1340 415 1531 454 eiusdem
1563 414 1686 462 tituli,
1723 415 1836 454 iuxta

212 481 496 520 ‹sinnmarium
533 480 684 520 dicitur
723 479 873 519 iudici:
916 479 1157 518 «Studiose
1197 479 1409 531 agendum
1447 485 1523 527 est,
1562 485 1605 519 ut
1641 493 1691 518 ea
1729 493 1836 531 quae

219 545 535 596 promittuntur,
567 558 694 595 opere
725 544 1075 595 compleantur».

326 610 462 649 Porro
497 623 588 648 cun.
628 611 730 648 1667
762 608 1057 648 universaliter
1091 608 1292 647 decernit.
1331 608 1572 658 Quodlibet,
1608 609 1684 648 sed
1720 622 1842 660 prae-

216 674 363 714 sertim
398 674 511 725 quod
549 679 609 712 est
647 687 746 725 erga
784 673 977 719 alterum,
1018 673 1080 711 ius
1120 672 1414 719 subiecttvum,
1450 685 1625 723 nempe:
1666 673 1841 712 «sacul-

218 745 282 779 tas
310 738 485 777 moralis
513 738 673 789 aliquid
701 737 870 789 agendi,
896 737 1112 789 exigendi,
1142 736 1375 787 recipiendi
1402 736 1467 776 vel
1497 736 1714 776 omittendi
1743 750 1840 788 pro·
1898 782 1902 785 =

217 803 390 842 veniens
427 816 478 843 ex
515 803 606 854 lege
645 802 785 841 divina
825 801 889 840 vel
926 801 1229 848 ecclesiastica,
1268 814 1375 853 quae
1413 801 1593 840 facultas
1630 814 1839 853 personae

221 868 260 906 in
290 866 479 906 Ecclesia
509 866 707 918 competit
730 881 766 913 »,
798 880 879 905 non
909 867 1048 905 solum
1076 868 1116 916 a)
1145 866 1324 913 actione,
1353 879 1430 905 seu
1460 865 1659 905 facultate
1688 865 1839 904 morali

220 945 295 982 per
323 931 432 969 hunc
462 944 666 969 canonem
695 943 897 969 concessa
927 929 1169 969 vindicandi
1200 928 1447 969 exercitium
1475 929 1590 969 illius
1619 928 1724 969 iuris
1753 943 1842 969 mu-

216 997 330 1035 nitur*
366 997 570 1035 adversus
608 1000 807 1034 nocentes
845 994 949 1033 illud
987 994 1051 1033 vel
1089 994 1368 1045 impedientes
1407 994 1644 1045 praefatum
1682 994 1841 1033 exerci-

219 1061 337 1107 tiuni2
373 1061 454 1099 nisi
486 1060 603 1099 aliud
637 1073 838 1110 expresse
872 1059 913 1098 in
949 1072 1006 1098 ss.
1043 1059 1277 1099 canonibus
1310 1063 1477 1098 cautum
1511 1060 1579 1103 sit,
1614 1073 1652 1097 v.
1689 1073 1752 1111 gr.
1790 1059 1839 1098 de

217 1125 498 1165 exstinctione
541 1125 718 1164 actionis
760 1125 811 1163 ob
854 1124 1023 1174 lapsum
1062 1123 1282 1176 temporis,
1327 1124 1402 1163 sed
1445 1124 1570 1163 etiam
1613 1123 1842 1163 «munitur

218 1189 437 1241 quodlibet
468 1190 533 1227 ius
558 1205 577 1228 »
611 1203 661 1228 ex
697 1194 814 1239 parte
847 1188 907 1227 rei
941 1188 1132 1227 conventi
1167 1189 1413 1239 exceptione
1447 1188 1499 1227 ad
1533 1188 1841 1227 excludendam

218 1254 374 1293 actoris
410 1253 697 1295 intentionem,
735 1266 841 1304 quae
875 1252 1056 1292 facultas
1090 1252 1343 1291 defendendi
1379 1252 1445 1291 ius
1479 1252 1701 1303 proprium
1734 1266 1842 1291 sem-

220 1333 296 1368 per
329 1319 527 1369 competit
563 1318 615 1363 ei,
651 1322 703 1364 ct,
740 1317 838 1369 quia
873 1316 1087 1356 conveniri
1123 1323 1159 1356 et
1194 1322 1501 1368 consequenter
1536 1331 1579 1356 se
1612 1317 1840 1356 defendere

223 1397 304 1421 non
340 1388 402 1422 est
442 1396 481 1420 in
523 1382 696 1421 arbitrio
736 1381 974 1428 cuiuslibet,
1016 1381 1138 1420 sicuti
1174 1387 1238 1420 est
1277 1381 1318 1420 in
1357 1387 1497 1420 actore
1539 1381 1737 1432 persequi
1777 1381 1842 1420 ius

218 1447 442 1498 proprium
477 1447 515 1485 in
551 1446 722 1493 iudicio,
756 1446 852 1485 hinc
885 1446 1078 1498 aequitas
1110 1459 1289 1497 prorsus
1322 1446 1466 1498 exigit,
1502 1446 1615 1497 quod
1648 1460 1669 1485 «
1692 1459 1842 1498 excep-

220 1511 321 1550 tio»
360 1515 420 1550 est
458 1515 608 1561 suapte
646 1514 795 1549 natura
833 1514 1055 1561 perpetuu,
1096 1523 1171 1549 seu
1209 1523 1292 1549 non
1330 1510 1607 1562 extinguitur,
1648 1509 1842 1562 quamvis

220 1575 392 1614 aliunde
421 1574 613 1613 inefficax
643 1574 683 1613 in
712 1588 810 1613 casu
842 1574 1007 1613 existat.

322 1646 423 1680 148.
451 1646 515 1680 De
542 1644 750 1689 genorica
775 1644 994 1679 divisione
1020 1644 1247 1679 actionum
1292 1638 1468 1678 sufficiat
1491 1639 1678 1678 recolere
1701 1652 1794 1691 cap.
1817 1640 1841 1678 3

221 1705 316 1744 «de
359 1704 727 1755 probationibus»
768 1703 841 1750 (ll,
890 1706 952 1753 tu)
994 1704 1024 1742 X
1066 1704 1105 1742 in
1148 1717 1232 1755 quo
1275 1703 1429 1743 Lucius
1472 1704 1531 1743 III
1575 1703 1634 1742 sie
1673 1703 1841 1743 exordi-

225 1775 311 1809 tur:
357 1785 376 1808 «
404 1770 463 1808 lix
505 1769 654 1808 litteris
693 1769 776 1808 tuis
818 1768 1118 1815 intelleximus,
1163 1774 1200 1807 te
1244 1774 1280 1807 et
1325 1768 1671 1807 archidiaconum
1715 1767 1843 1807 confi—

219 1847 295 1873 nes
333 1833 486 1872 habere
526 1833 794 1885 praebendas
833 1833 873 1871 in
913 1833 1039 1879 villis,
1080 1846 1186 1884 quas
1225 1832 1382 1884 singuli
1421 1832 1612 1884 singulas
1651 1832 1842 1883 posside-

220 1898 294 1938 tis:
332 1904 370 1937 et
403 1903 623 1949 praetextu
657 1897 935 1936 terminorum
969 1897 1075 1936 inter
1109 1910 1185 1936 vos
1219 1897 1553 1936 controversiam
1587 1896 1755 1949 agitari,
1791 1909 1841 1936 eo
1892 1921 1894 1924 >

223 1964 337 2015 quod
377 1963 495 2002 dieas
532 1976 630 2001 curn
671 1962 868 2014 antiquos
909 1962 1015 2001 fines
1052 1974 1291 2014 egressum,
1336 1967 1583 2013 partemque
1623 1961 1683 2001 tui
1723 1961 1843 2001 fundi

220 2040 470 2078 occupasse;
506 2026 579 2065 illo
611 2027 652 2065 in
685 2026 944 2066 contrarium
976 2032 1205 2072 asserente,
1241 2040 1284 2065 se
1319 2032 1482 2077 partem
1511 2026 1692 2065 eandem
1722 2025 1841 2065 fundi

222 2091 466 2142 possedisse
515 2091 797 2143 quadraginta
846 2081 1053 2130 annorum
1102 2090 1240 2141 spatio
1288 2091 1562 2129 inconcusse:
1612 2096 1655 2129 tu
1703 2095 1842 2129 autem

220 2156 336 2207 quod
370 2169 444 2207 per
480 2156 591 2195 idem
624 2161 792 2208 tenipus
827 2155 965 2207 quiete
1000 2155 1117 2194 illam
1151 2154 1397 2206 possederis
1430 2167 1675 2194 asseveras:
1712 2167 1842 2206 quare

224 2225 364 2259 utrum
407 2220 621 2259 incumbat
666 2219 834 2270 petitori
879 2219 943 2257 vel
988 2218 1230 2270 possessori
1276 2218 1487 2269 probatio,
1535 2218 1840 2270 quaesivisti».

330 2284 393 2323 :td
415 2284 653 2323 faciliorem
675 2284 850 2323 canonis
872 2283 1262 2335 interpretationem
1285 2289 1574 2334 opportunum
1594 2283 1674 2322 erit
1698 2296 1840 2334 quam·
1911 2273 1914 2328 Ι

226 2348 324 2387 dam
369 2347 622 2387 divisionem
666 2348 937 2400 praemittere
983 2347 1061 2387 sub
1106 2361 1188 2399 qua
1235 2347 1650 2398 comprehendantur
1695 2346 1836 2388 omniia
1912 2392 1913 2395 Ἴ

223 2412 406 2450 humana
443 2412 549 2451 iura.
588 2412 925 2451 Fundamentum
961 2412 1052 2451 eius
1087 2418 1148 2451 est
1183 2412 1409 2458 obiectum,
1447 2412 1559 2463 quod
1593 2411 1840 2463 respiciunt.
1888 2417 1913 2464 ,t

226 2476 445 2524 Quaedam
487 2476 597 2515 enini
640 2479 880 2516 reseruntur
921 2476 1078 2516 directe
1122 2477 1174 2516 ad
1218 2476 1437 2527 propriam
1481 2476 1840 2527 personalitatem,
1910 2466 1911 2472 ἵ

221 2553 330 2591 quae
364 2540 449 2579 illis
482 2540 706 2587 conflatur,
743 2546 780 2579 et
813 2546 924 2580 reete
958 2546 1161 2580 vocantur
1194 2546 1368 2592 propter
1401 2541 1480 2580 hoc
1515 2541 1607 2580 iura
1639 2553 1842 2591 persona·
1908 2577 1911 2586 ,

228 2603 298 2650 lia,
334 2603 416 2642 alia
451 2617 495 2642 se
529 2604 717 2643 referunt
750 2605 803 2644 ad
837 2610 976 2644 actum
1012 2604 1077 2643 vel
1110 2618 1200 2644 rein
1234 2605 1285 2644 ab
1322 2604 1406 2643 alio
1442 2604 1744 2655 praestandam
1777 2602 1841 2642 vel
1907 2607 1911 2664 j

225 2667 483 2716 ponendum,
515 2672 551 2706 et
578 2674 737 2718 queunt
764 2668 905 2706 vocari
935 2668 1027 2707 iura
1054 2669 1405 2719 praestationum,
1436 2668 1518 2708 alia
1548 2668 1728 2720 denique
1755 2680 1841 2707 res·
1908 2665 1911 2674 ”

325 2796 334 2817 ¹
363 2797 458 2840 Cap.
488 2798 505 2829 1
536 2812 551 2826 «
573 2796 622 2831 de
648 2797 811 2840 pactis·
846 2798 890 2842 (1,
915 2798 973 2841 35)
1003 2798 1051 2831 X.
