1914 3083
163 127 232 160 298
612 124 701 157 Lus.
733 123 798 157 IV.
828 142 841 146 -
869 122 978 156 PARS
1006 122 1036 155 Ι.
1065 141 1078 146 -
1106 121 1163 155 De
1191 120 1344 154 indiciis
1574 119 1669 154 Can.
1699 121 1793 156 1770

166 244 338 289 tionem,
378 248 499 293 atqu<-
536 241 971 291 «impedimentum»
1006 239 1087 278 tale
1124 238 1272 277 sufficit
1309 240 1348 289 (a
1385 251 1651 290 quocumque
1693 251 1787 288 pro-

167 307 323 357 veniat)
356 307 468 358 quod
504 304 725 344 tribunalis
761 304 811 343 de
843 317 927 355 quo
961 303 1099 355 agitur
1133 303 1276 343 sedem
1309 302 1484 341 ubilibet
1517 303 1785 341 constitutam

167 373 284 411 adire
316 373 545 421 nequema-
577 369 604 408 ii
636 368 792 420 singuli
826 368 878 407 ad
908 367 1130 407 serendum
1161 365 1448 406 testimonium
1480 366 1593 417 quod
1626 366 1784 412 attinet,

170 436 283 474 domi
304 433 578 474 habitationis
599 433 800 472 audiendi
821 436 932 479 sunt,
956 446 976 471 a
1001 431 1138 471 iudice
1161 431 1246 470 sive
1270 444 1344 482 per
1367 444 1411 470 se
1435 430 1520 470 sive
1543 443 1618 481 per
1641 430 1785 476 alium,

171 501 361 539 adstante
399 498 602 537 actuario.

280 563 325 601 ln
353 575 446 613 cap.
476 563 500 602 3
527 576 546 600 «
571 562 620 601 de
649 560 974 601 fideiussoribus
997 575 1017 600 »
1047 560 1142 611 (III,
1170 561 1238 610 22)
1265 559 1295 598 X
1323 559 1379 599 ait
1407 559 1562 599 Lucius
1591 560 1651 599 III
1682 559 1790 599 Can—

169 627 348 667 tuarien.
375 626 735 677 Arc-hiepiscopo:
764 640 784 664 «
808 625 1031 664 Praeterea
1057 624 1154 676 quia
1178 623 1345 663 difficile
1369 624 1478 663 foret
1502 623 1787 669 intercessori,

173 705 276 732 suos
299 697 428 731 testes
456 691 496 729 in
524 690 722 742 Angliam
750 690 918 736 ducere,
948 688 1159 728 iudicibus
1186 688 1351 727 Bonon.
1380 687 1673 739 (satisdatione
1705 687 1791 726 ido-

171 770 249 796 nea
272 770 293 795 a
317 754 585 795 Concellario
608 755 703 805 ipso
727 759 913 805 accepta,
940 752 1053 804 quod
1078 753 1129 791 ad
1153 758 1279 791 testes
1303 752 1540 791 audiendos
1561 751 1699 798 vadat,
1724 751 1789 790 vel

171 821 306 861 mittat
337 820 445 859 infra
476 819 702 858 terminum
732 820 1056 870 competentem)
1086 816 1236 856 litteris
1265 816 1349 856 tuis
1380 816 1610 868 significes,
1644 821 1687 855 ut
1715 829 1792 855 eos

172 886 260 926 vice
289 891 358 925 tua
390 885 611 935 recipiant,
641 889 682 923 et
709 883 953 923 examinent
982 881 1221 934 diligentem
1252 887 1293 921 et
1321 880 1613 933 depositiones
1642 893 1791 920 eorum

170 950 502 990 transmittentes
534 949 737 995 inclusas,
767 947 1011 999 significent
1043 952 1198 999 quanta
1233 946 1339 986 fides
1372 945 1506 997 possit
1541 945 1793 985 instrumen-

173 1014 227 1055 tis
255 1014 320 1054 vel
350 1014 527 1054 testibus
559 1012 749 1052 adhiberi
773 1026 809 1051 ».
845 1012 963 1051 Hanc
995 1011 1259 1051 Decretalem
1290 1010 1350 1050 sic
1381 1010 1519 1050 reddit
1551 1010 1791 1062 generalem

173 1092 308 1119 canon
348 1078 534 1117 subdens
572 1079 626 1116 3⁰.
671 1077 831 1128 Supple
873 1075 1227 1127 «excipiuntur»
1269 1075 1351 1125 Qui
1389 1078 1507 1114 ecclra
1546 1075 1790 1122 dioecesim,

174 1143 281 1182 intra
316 1143 436 1182 cuius
472 1142 577 1181 fines
612 1154 739 1181 causa
775 1139 987 1180 iudicialis
1023 1139 1307 1192 cognoscitur,
1345 1142 1385 1189 a)
1420 1139 1636 1190 degentes,
1672 1139 1716 1189 b)
1752 1139 1791 1178 in

174 1208 401 1247 dioecesim
425 1207 532 1246 hanc
554 1206 721 1252 reverti,
741 1205 779 1245 si
802 1205 853 1244 ab
872 1218 939 1252 ea,
960 1205 1015 1244 iad
1038 1217 1165 1256 quam
1186 1204 1333 1243 forsan
1356 1203 1607 1255 pertineant,
1627 1203 1792 1255 egressi

175 1272 360 1319 fuerunt,
388 1271 584 1322 idemque
608 1270 718 1309 valet
743 1283 790 1309 36
817 1269 851 1309 si
877 1282 1109 1320 numquam
1134 1268 1174 1307 in
1197 1281 1248 1308 ea
1273 1260 1458 1315 fuerunt,
1486 1268 1560 1307 sed
1586 1267 1690 1307 illud
1715 1267 1793 1307 erit

175 1336 227 1376 de
253 1336 367 1375 facto
398 1341 441 1374 ut
471 1334 717 1386 plurimum,
749 1338 786 1373 el
818 1337 855 1383 c)
885 1333 940 1372 ad
970 1333 1191 1372 tribunalis
1223 1332 1368 1372 sedem
1399 1331 1659 1371 ordinariam
1690 1330 1797 1371 iudi—

176 1400 339 1441 ciorum
368 1400 433 1439 vel
458 1404 578 1438 extra
608 1399 815 1445 ordinem,
846 1397 916 1437 ubi
946 1397 1127 1450 agitetur
1155 1410 1299 1444 causa,
1330 1396 1531 1436 accedere
1561 1395 1798 1448 personali-

178 1470 255 1512 ter,
285 1466 373 1504 sine
400 1464 520 1515 gyrari
546 1477 623 1514 pro
649 1468 752 1502 teste
781 1462 1065 1509 incommodo,
1095 1461 1208 1513 quod
1236 1474 1258 1500 a
1285 1460 1481 1512 prudenti
1508 1460 1599 1499 viro
1627 1460 1708 1499 tale
1736 1459 1798 1499 iu-

177 1529 353 1575 dicetur,
387 1531 614 1579 nequeanl,
649 1540 757 1579 quae
788 1525 1114 1577 impossibilitas
1145 1526 1195 1565 de
1229 1525 1431 1565 alterutro
1462 1525 1539 1564 sub
1572 1523 1721 1564 litteris
1753 1524 1796 1574 b)

176 1599 216 1633 et
242 1596 280 1643 c)
308 1591 458 1632 suffieit
484 1592 611 1631 simul
639 1604 733 1631 cum
761 1590 1001 1631 conditione
1025 1591 1106 1630 sub
1135 1590 1271 1630 littera
1301 1592 1356 1639 a);
1388 1590 1415 1628 ii
1443 1593 1567 1629 testes
1596 1588 1797 1628 audiendi

177 1661 272 1696 sunt
299 1671 351 1696 ex
382 1657 556 1696 canonis
587 1655 868 1706 praescripto,
897 1660 938 1694 et
969 1670 988 1693 «
1012 1654 1038 1693 ii
1063 1670 1083 1694 »
1114 1668 1161 1694 ac
1192 1659 1334 1705 partes
1360 1653 1532 1706 exigere
1565 1658 1743 1705 possunt
1769 1667 1795 1693 3

178 1722 315 1762 iudice
344 1721 720 1773 adimplementum
749 1719 1017 1771 praescripti,
1048 1733 1071 1758 a
1101 1719 1301 1758 tribunali
1325 1718 1616 1758 ecclesiastico
1646 1718 1728 1757 loci
1757 1718 1797 1757 in

177 1801 261 1839 qao
294 1791 612 1827 commorantur
643 1791 834 1836 tempore
868 1784 1108 1837 deponendi
1141 1783 1385 1829 testimonii,
1422 1782 1552 1823 ide-st:
1590 1782 1798 1822 dioecesis

175 1852 231 1891 ad
261 1865 388 1903 quam
418 1851 485 1889 ille
515 1851 636 1890 locus
664 1849 886 1901 pertineat,
919 1852 959 1899 a)
985 1849 1040 1888 ad
1072 1862 1264 1887 normam
1295 1862 1386 1887 can.
1424 1848 1538 1894 1570,
1569 1846 1587 1890 ἓ
1615 1847 1654 1894 2,
1686 1846 1799 1886 vide-

179 1917 298 1956 licet:
330 1929 535 1956 exercens
568 1914 830 1967 «quodlibet
861 1913 1047 1953 tribunal
1081 1912 1146 1952 ius
1179 1912 1327 1964 (quod)
1360 1912 1485 1951 habet
1517 1911 1558 1950 in
1593 1910 1799 1950 auxilium

180 1979 359 2020 vocandi
385 1979 499 2019 aliud
524 1978 724 2025 tribunal,
770 1978 883 2030 quod
926 1990 1099 2017 normas
1146 1990 1224 2028 pro
1271 1976 1452 2028 singulis
1499 1975 1662 2015 actibus
1710 1975 1799 2014 iure

180 2043 470 2095 praescriptas
494 2056 663 2083 seruare
689 2042 812 2082 debet
834 2057 855 2082 »
881 2042 1021 2094 quoad
1047 2041 1262 2081 citandum
1284 2046 1324 2080 et
1351 2040 1609 2080 audiendum
1634 2044 1797 2086 testem,

179 2114 399 2160 praeterea
422 2108 465 2157 b)
490 2108 724 2146 secandum
749 2107 1102 2157 inierroqationes
1130 2107 1167 2144 in
1193 2105 1388 2144 examine
1414 2104 1532 2143 testis
1560 2116 1800 2155 proponen-

180 2173 257 2213 das
279 2178 315 2212 el
339 2173 634 2212 instructiones
658 2172 804 2210 forsan
828 2185 849 2210 a
872 2170 1070 2210 tribunali
1095 2170 1135 2208 in
1156 2169 1365 2209 auxilium
1387 2175 1536 2208 vocato
1556 2168 1799 2220 sequendas

181 2252 204 2277 a
231 2251 384 2277 causae
414 2237 549 2276 iudice
576 2249 657 2289 qua
684 2236 772 2283 tali,
800 2235 865 2275 vel
893 2234 1128 2275 authentice
1155 2233 1427 2274 transmissas
1456 2232 1581 2273 simul
1609 2246 1702 2272 cum
1730 2245 1801 2283 pe—

180 2302 325 2341 titione
366 2301 542 2340 iuridica
582 2300 762 2351 praefati
798 2298 1009 2339 examinis
1046 2298 1196 2338 virtute
1235 2298 1360 2337 huius
1399 2303 1436 2337 et
1475 2296 1650 2337 canonis
1688 2296 1798 2336 citati

183 2365 382 2404 faciendi.

291 2428 438 2468 Canon
483 2428 667 2467 extendit
712 2427 975 2467 Decretalem
1019 2427 1070 2466 ob
1116 2440 1262 2477 parem
1305 2426 1513 2465 rationem
1557 2425 1718 2465 addens
1760 2426 1802 2463 4⁰

185 2509 205 2532 a
231 2491 508 2543 Excipiuntur
531 2507 551 2531 »
583 2493 655 2542 qai
686 2491 854 2531 adducti
884 2496 1012 2531 testes
1043 2493 1083 2541 3)
1115 2491 1155 2530 in
1186 2490 1386 2537 dioecesi,
1419 2490 1527 2529 intra
1556 2502 1685 2542 quam
1714 2488 1803 2541 agi-

182 2561 294 2595 tatur
316 2569 460 2601 causa,
487 2560 804 2594 commorantur
828 2555 1017 2607 quolibet
1039 2568 1092 2595 ex
1116 2554 1274 2594 motivo
1299 2559 1423 2605 atque
1448 2553 1576 2593 modo
1602 2565 1803 2605 quocum—

185 2634 281 2671 que,
313 2620 389 2658 sed
418 2619 461 2669 b)
493 2620 533 2658 in
566 2619 668 2658 Iocis
701 2620 757 2658 ita
785 2619 944 2658 dissitis
976 2633 1001 2658 a
1032 2618 1253 2658 tribunalis
1284 2618 1384 2657 sede
1415 2617 1556 2669 quoad
1587 2617 1666 2656 hoc
1697 2616 1803 2656 iudi-

185 2684 310 2730 cium,
349 2687 390 2722 ui
427 2684 517 2723 sine
553 2683 754 2735 gravibus
793 2682 995 2733 impensis
1034 2681 1285 2733 praesertim
1320 2681 1484 2720 ratione
1521 2680 1698 2728 itineris,
1737 2680 1802 2719 vel

184 2747 363 2786 forsitan
401 2746 656 2786 conditionis
695 2752 765 2785 aut
802 2746 1094 2797 occupationi-s
1131 2758 1427 2798 personarum,
1463 2748 1508 2795 a)
1546 2758 1681 2795 neque
1721 2745 1803 2795 ipsi

188 2811 366 2851 iudicem
393 2812 510 2851 adire
537 2811 652 2850 iuxta
679 2810 696 2854 ἓ
724 2814 758 2858 1,
787 2824 922 2861 neque
949 2811 992 2860 b)
1015 2809 1145 2850 simul
1171 2824 1196 2849 a
1223 2810 1358 2849 iudice
1386 2809 1668 2862 personaliter
1694 2809 1803 2848 adiri

188 2875 366 2925 possint.
399 2875 490 2914 Hoc
520 2876 559 2914 in
587 2888 704 2922 casu,
732 2888 810 2914 seu
839 2874 878 2913 in
908 2873 1092 2925 duplicis
1120 2872 1375 2914 conditionis
1404 2878 1643 2925 postremae
1673 2873 1806 2925 hypo-

1767 0 1772 4 .
1784 0 1792 3 -
1802 0 1815 5 .⁷
1828 0 1838 15 5

1876 0 1907 106 ἐξ,

1886 109 1901 123 5.

1882 134 1893 141 a
