1914 3083
182 67 251 102 284
625 67 712 100 Lm.
743 66 808 100 lv.
838 86 851 91 -
880 65 987 99 Pms
1014 66 1045 99 Ι.
1074 85 1087 90 -
1115 65 1172 100 De
1198 65 1354 100 iudiciis
1594 66 1689 100 Can.
1718 68 1812 103 1759
1866 85 1869 87 >
1894 0 1914 174 1

184 183 474 223 exclusionem
505 189 673 221 econtra
704 182 933 233 respiciunt
966 195 1057 222 can.
1093 184 1207 229 1763,
1242 185 1355 222 1764.
1389 183 1567 222 Demum
1597 182 1806 223 habentur

187 248 270 287 duo
302 262 392 286 can.
430 250 544 289 1765,
581 248 681 286 176ss
712 247 781 298 qui
815 246 1068 285 observandi
1102 252 1197 286 sunt
1230 246 1399 297 praevie
1431 247 1482 286 ad
1517 247 1806 287 attestationes

184 318 271 350 tuin
297 325 348 350 vex
379 317 496 361 parte
527 310 679 349 iudicis
704 316 789 349 tum
814 324 867 350 cx
896 316 1014 361 parte
1043 311 1378 350 introductorum
1407 310 1589 358 testium,
1619 311 1691 363 qui
1720 326 1803 352 non

189 376 269 414 sint
300 389 393 414 cnm
419 376 572 414 effectu
601 373 779 413 exclusi.

287 445 394 480 265.
420 445 459 479 A
485 444 646 489 quibus
672 446 817 480 testes
835 444 987 480 induci
1011 444 1200 488 possint,
1233 439 1362 479 idest:
1394 453 1415 478 a
1445 439 1581 479 iudice
1606 446 1809 491 expostu-

187 505 294 543 letur
320 503 476 551 audiri,
508 517 586 543 nos
612 504 762 543 edocet
790 517 882 543 con.
919 504 1019 542 1759
1051 502 1110 543 sic
1141 503 1453 555 praescribens,
1487 503 1504 548 ἕ
1535 506 1569 543 1.
1608 504 1750 544 Testes
1781 518 1806 544 α

186 568 378 617 partibus
417 567 613 619 singulis,
653 581 725 606 seu
763 573 850 606 tum
889 568 939 606 ab
977 572 1118 606 actore
1156 572 1244 606 tum
1281 580 1302 606 a
1340 580 1414 605 reo
1452 566 1492 606 in
1533 567 1808 607 contentiosis

188 631 461 683 quibuslibet,
497 632 659 671 etiamsi
695 632 772 670 liae
807 631 1142 671 matrimoniales
1176 631 1273 678 sint,
1306 637 1395 671 tum
1428 645 1450 670 a
1484 645 1558 671 reo
1591 631 1632 671 in
1667 632 1809 672 causis

188 695 480 735 criminalibus
513 696 563 735 ad
597 696 660 734 sui
696 695 1002 741 defensionem,
1039 696 1305 735 inducuntur.
1342 696 1390 735 Et
1423 696 1564 747 palam
1596 702 1674 744 e-st,
1709 697 1806 749 quia

189 762 267 800 hoc
294 766 359 800 est
385 761 541 800 afferre
572 760 860 811 probationes.

296 827 472 866 Constat
497 839 549 865 ex
580 826 668 864 iure
699 825 996 865 Decretalium.
1029 825 1192 864 Etenim
1222 825 1377 865 Lucius
1407 826 1467 865 ΙΙΙ
1497 826 1679 865 Cistren.
1711 826 1811 877 Epi-

190 905 321 943 scopo
354 892 365 911 ¹
398 891 650 942 respondet:
686 906 705 928 «
730 890 791 929 Ad
824 890 938 942 quod
968 890 1076 930 scire
1107 889 1250 937 debes,
1282 890 1397 942 quod
1429 890 1631 930 iudicium
1663 890 1810 929 finium

190 956 479 1008 regundorum
510 955 591 995 tale
619 961 698 1001 est,
732 961 775 994 ut
806 955 845 994 in
875 968 927 994 eo
959 960 1135 1006 utraque
1168 968 1350 1007 per-sona
1383 954 1496 995 vices
1527 955 1707 994 duorum
1739 955 1812 994 ha-

190 1021 301 1067 beat,
327 1019 521 1059 videlicet
547 1019 703 1059 actoris
724 1026 765 1059 et
790 1019 873 1059 rei:
904 1019 1024 1060 Unde
1050 1019 1246 1059 hincinde
1272 1025 1400 1059 teste-s
1427 1019 1604 1071 produci
1632 1025 1807 1071 possunt

191 1085 242 1123 ad
269 1084 553 1135 cognitionem
578 1083 730 1123 iudicis
754 1083 1067 1123 instruendam:
1095 1083 1250 1135 quibus
1269 1083 1524 1123 examinatis
1551 1084 1677 1124 iudex
1702 1098 1812 1136 quos

192 1148 449 1199 praecellere
477 1147 744 1195 intellexerit,
775 1147 824 1187 ad
854 1147 980 1187 fidem
1004 1147 1086 1187 sibi
1115 1147 1354 1187 faciendam
1384 1148 1631 1188 admittat».
1663 1149 1808 1188 Innoc.

191 1227 290 1252 vero
320 1213 378 1252 ΙΙΙ
410 1213 449 1251 in
479 1225 572 1263 cap.
603 1214 654 1252 46
682 1212 775 1251 «de
804 1212 982 1251 testibus
1008 1218 1047 1251 et
1078 1212 1416 1252 attestationibus
1439 1228 1459 1251 »
1492 1213 1564 1259 (ΙΙ,
1593 1215 1662 1263 ’20)
1690 1212 1721 1252 X
1750 1213 1810 1253 sic

190 1277 399 1317 decernit:
435 1292 454 1315 «
478 1277 733 1316 Mandamus
765 1283 973 1328 quatenu-s
1005 1277 1197 1328 partibus
1229 1277 1281 1316 ad
1312 1277 1452 1316 locum
1483 1277 1682 1317 idoneum
1714 1291 1813 1317 con·

190 1341 365 1388 vocatis,
393 1341 610 1392 recipiatis
633 1347 776 1387 testes⁷
804 1355 912 1392 quos
936 1341 1000 1380 vel
1025 1341 1181 1381 nobilis
1208 1341 1301 1392 ipsa
1328 1355 1406 1392 pro
1432 1356 1491 1388 se,
1519 1342 1584 1381 vel
1610 1343 1813 1393 princeps

191 1419 268 1457 pro
304 1412 421 1457 parte
457 1420 531 1445 sua
568 1408 680 1453 (cum
714 1406 903 1445 nondum
936 1406 1157 1445 testificata
1194 1406 1404 1456 didicerit)
1442 1419 1569 1457 super
1606 1420 1810 1458 processu

192 1471 424 1523 Pragensirs
458 1471 659 1522 Episcopi
696 1471 783 1522 (qui
819 1470 985 1510 divortii
1017 1470 1270 1510 sententiam
1305 1471 1607 1523 promulgavit)
1641 1471 1705 1510 x‘el
1739 1484 1813 1523 po-

193 1535 418 1574 steriorum
450 1535 635 1575 iudicum
665 1535 861 1574 duxerint
890 1535 1213 1586 producendos:
1243 1541 1284 1575 et
1313 1534 1469 1575 nobilis
1499 1535 1591 1586 ipsa
1624 1541 1719 1588 (pro
1751 1538 1813 1585 sc)

192 1600 255 1639 ve}
288 1605 431 1647 testes,
466 1613 574 1651 quos
607 1599 726 1650 prius
759 1599 938 1646 induxit,
974 1599 1037 1638 vel
1072 1598 1180 1639 alios
1211 1599 1247 1639 si
1281 1599 1461 1639 voluerit
1496 1590 1694 1639 inducere
1728 1613 1811 1638 non

190 1669 365 1710 vete-tur,
398 1677 492 1702 cum
522 1677 603 1702 non
635 1663 937 1702 renuntiaverit
965 1663 1144 1703 testibus
1174 1663 1520 1714 producendis».

298 1728 314 1772 ἓ
349 1729 386 1767 Q.
424 1729 610 1767 Possunt
650 1742 817 1779 quoque
855 1728 892 1767 vi
931 1728 1056 1767 liuius
1094 1728 1269 1768 canonis
1307 1734 1520 1768 «testes»
1560 1729 1701 1769 induci
1737 1742 1811 1768 seu

192 1792 375 1844 proponi
408 1792 535 1832 iudici
567 1807 591 1831 α
623 1797 867 1843 promotore
902 1792 1083 1832 iustiliae
1117 1806 1238 1843 «pro
1271 1793 1428 1839 causis,
1462 1798 1549 1832 tum
1584 1797 1806 1831 contentio-

194 1857 253 1898 sis
278 1857 319 1895 in
346 1856 501 1909 quibus
526 1856 685 1896 bonum
712 1856 944 1908 publicum,
974 1856 1189 1897 Ordinarii
1217 1856 1389 1903 iudicio,
1419 1857 1459 1896 in
1486 1857 1714 1896 discrimen
1742 1870 1814 1896 vo-

192 1922 276 1961 cari
316 1927 467 1972 potest,
507 1927 594 1961 tum
631 1921 966 1961 criminalibus»
1004 1923 1113 1971 (can.
1156 1923 1288 1971 1586),
1329 1926 1366 1961 et
1404 1921 1619 1972 defensori
1659 1921 1814 1961 vinculi

193 2000 315 2037 «pro
347 1986 503 2033 causis,
538 1986 578 2025 in
610 1986 764 2038 quibus
797 1985 936 2038 agitur
968 1986 1018 2025 de
1050 1985 1218 2025 vinculo
1251 1999 1396 2025 sacrae
1430 1985 1711 2025 ordinationis
1743 1991 1811 2025 aut

195 2050 452 2090 matrimonii
476 2066 497 2090 »
526 2053 635 2097 (can.
666 2050 770 2101 cit.)‚
798 2051 835 2090 si
863 2051 905 2090 id
930 2064 1104 2101 nempe:
1134 2050 1232 2089 talis
1260 2050 1446 2089 inductio
1473 2051 1527 2089 od
1553 2064 1724 2089 causam
1753 2049 1816 2089 iu-

195 2114 307 2155 dicio
333 2114 666 2166 uniuscuiusque
691 2128 856 2161 eorum,
886 2115 1060 2154 intersit.
1094 2115 1184 2154 Hoc
1211 2114 1522 2167 prae-scriptum
1550 2115 1745 2166 designat
1773 2114 1812 2153 in

194 2180 271 2219 hac
295 2194 339 2219 re
364 2180 430 2219 ius
454 2180 713 2231 promotoris
737 2179 920 2219 iustitiae
945 2179 986 2218 in
1012 2193 1165 2231 genere
1189 2193 1442 2230 expressum
1469 2180 1546 2219 sub
1573 2192 1665 2218 can.
1695 2181 1812 2222 1587,

195 2243 210 2287 ἕ
233 2246 271 2291 2,
295 2250 336 2283 et
360 2245 589 2284 coneordat
613 2243 719 2284 can.i
744 2246 844 2284 1969
870 2244 1047 2285 dicenti:
1077 2259 1097 2284 «
1122 2244 1345 2283 Defensori
1371 2243 1526 2283 vinculi
1553 2244 1619 2284 ius
1642 2250 1811 2284 esto

193 2309 234 2347 30
262 2308 410 2348 Pet-ere
441 2314 480 2347 ut
504 2308 578 2347 alii
606 2314 734 2348 testes
762 2308 1015 2348 inducantur
1042 2308 1107 2347 vel
1136 2308 1263 2347 iidem
1292 2308 1442 2347 iterum
1468 2308 1653 2347 examini
1686 2307 1815 2347 subii-

196 2372 373 2419 ciantur7
405 2386 609 2425 processu
637 2373 766 2413 etiam
791 2373 990 2412 absoluto
1017 2378 1058 2413 et
1087 2372 1302 2424 publicato
1325 2387 1361 2413 ».

301 2435 317 2480 ἓ
344 2438 368 2475 3
396 2437 605 2488 incipiens
634 2437 719 2476 Sed
749 2438 838 2489 ipse
870 2438 1010 2484 iudex,
1042 2443 1217 2488 propter
1247 2437 1585 2477 coniunctionem
1617 2437 1816 2476 adversa—

193 2500 320 2540 tivam
355 2500 490 2540 innuit
521 2515 707 2553 sequens
742 2502 1053 2553 praescriptum
1089 2502 1233 2553 aliquo
1267 2502 1395 2541 modo
1432 2502 1639 2554 derogare
1660 2500 1811 2543 -alteri.

195 2579 368 2617 nempe:
406 2566 774 2617 «probationes...
812 2566 937 2606 iudex
972 2580 1022 2605 ne
1057 2566 1296 2618 suppleat»
1331 2568 1441 2617 (can.
1481 2567 1595 2612 1619,
1633 2565 1649 2609 ἓ
1685 2567 1738 2615 1),
1773 2570 1811 2604 et

194 2630 246 2669 ob
282 2630 456 2668 verbum
493 2630 671 2682 «ipse»
709 2630 911 2681 supponit
947 2631 1171 2669 extendere
1208 2630 1259 2669 ad
1296 2630 1478 2669 iudicem
1515 2642 1698 2681 quoque,
1734 2643 1811 2669 seu

198 2693 448 2733 cumulative
477 2707 571 2733 cum
597 2700 842 2746 promotore
869 2694 1051 2734 iustitiae
1076 2700 1202 2746 atque
1231 2695 1455 2734 defensore
1500 2694 1653 2733 vinculi
1683 2694 1816 2733 sacul-

293 2830 302 2851 ¹
331 2829 426 2872 Cap.
455 2830 475 2863 3
504 2844 519 2859 ⁴<
542 2829 591 2863 (le
617 2829 925 2871 probationibus
948 2844 962 2859 »
990 2830 1058 2873 (ΙΙ,
1089 2831 1148 2874 19)
1174 2830 1223 2863 Χ.
