1914 3083
176 99 245 133 268
619 99 708 131 an.
739 98 805 131 lv.
835 118 847 122 -
876 98 983 132 PAns
1011 98 1041 132 Ι.
1070 118 1083 122 -
1111 97 1170 132 De
1197 97 1350 132 iudiciis
1580 97 1675 132 Can.
1704 100 1798 135 1749
1826 0 1914 150 ἶ

278 217 383 251 249.
409 216 530 259 Quae
555 215 841 259 probationes
868 216 914 250 et
940 215 1116 259 quando
1154 225 1241 250 non
1279 217 1387 250 sunt
1417 215 1734 252 admittendae.
1759 235 1805 243 —

179 275 308 315 Cone.
336 274 452 314 Trid.
479 273 733 325 generaliter
758 274 1005 321 decernens,
1032 273 1088 313 ait
1114 275 1151 314 ¹:
1179 289 1201 313 «
1223 274 1432 314 Admonet
1454 273 1605 315 dehinc
1652 275 1694 316 S.
1724 275 1799 328 Sy—

177 339 315 379 nodus
343 345 425 378 tam
471 338 739 384 Ordinarios,
769 352 896 389 quam
923 337 1031 378 alios
1059 351 1350 390 quoscumque
1376 338 1557 391 judices,
1587 344 1630 379 ut
1656 340 1799 379 termi-

175 402 327 442 nandis
349 402 504 450 causis,
527 408 681 454 quanta
704 401 795 442 fieri
816 402 969 453 poterit
989 402 1207 451 brevitate,
1233 402 1442 450 studeant;
1467 416 1514 443 ac
1534 403 1796 456 litigatorum

176 466 338 506 artibus
367 480 441 506 seu
469 465 511 505 in
539 465 625 506 litis
653 465 972 514 contestatione,
999 480 1077 506 seu
1107 466 1188 506 alia
1219 472 1338 518 parte
1367 466 1511 507 iudicii
1541 467 1793 516 disserenda,

174 530 313 569 modis
337 530 534 570 omnibus
559 536 627 569 aut
651 530 818 569 termini
844 530 1123 582 praefixione,
1147 536 1220 570 aut
1245 532 1498 582 competenti
1525 531 1606 571 alia
1631 532 1795 572 ratione

175 601 396 634 occurrant
421 610 456 634 ».
494 596 539 634 In
575 595 715 646 specie
750 608 849 634 vero
885 595 1018 635 Clem.
1054 596 1090 636 V
1124 596 1138 616 ²
1173 596 1359 647 idipsum
1395 596 1581 636 decernit
1616 597 1797 649 loquens

175 660 222 698 tle
255 660 410 705 causis,
443 659 483 698 in
511 660 668 711 quibus
700 660 993 710 «simpliciter
1022 666 1059 699 et
1090 660 1139 700 de
1170 660 1315 711 plane,
1348 674 1395 700 ac
1426 660 1515 700 sine
1547 661 1724 713 strepitu
1756 668 1795 701 et

174 724 310 775 figura
339 724 482 764 iudicii
512 724 684 775 procedi
713 725 996 764 mandatur».
1028 724 1190 764 Ibidem
1218 725 1393 765 dicitur:
1427 741 1446 765 «
1471 731 1512 765 ut
1539 726 1716 766 iudex...
1746 726 1796 766 li-

172 795 252 829 tem
284 795 486 841 quantum
516 789 667 840 poterit
699 789 826 829 faciat
855 789 1160 832 brevi01·e1n,...
1195 790 1362 829 testium
1394 791 1658 841 superfluam
1688 791 1795 830 mul-

172 853 392 893 titudinem
423 853 694 893 refrenando.
730 854 823 892 Non
856 854 915 893 sic
947 859 1085 893 tamen
1119 854 1245 894 iudex
1278 855 1391 894 litem
1423 855 1654 896 abbreviet.
1691 855 1792 908 quin

171 917 445 968 probationes
478 917 744 957 necessariae
776 923 817 956 et
850 917 1121 958 defensiones
1155 918 1368 970 legitimae
1404 919 1677 959 admittantur
1700 934 1736 958 ».

279 982 369 1021 Hoc
407 981 575 1021 criterio
614 982 866 1021 informatur
904 996 995 1021 can.
1039 984 1140 1022 1749
1180 983 1238 1022 sic
1279 983 1590 1034 praescribens.
1634 985 1794 1023 Proba-

170 1046 304 1085 tiones
335 1046 387 1085 ad
416 1046 737 1096 inscriptionem
767 1046 1019 1094 declaratas,
1051 1061 1157 1098 quoe
1187 1048 1241 1086 (th
1269 1062 1410 1087 morus
1443 1048 1597 1088 iudicio
1625 1062 1703 1089 seu
1731 1049 1793 1088 di—

170 1110 379 1149 scussioni
423 1124 566 1149 coram
610 1110 747 1150 iudice
792 1111 1017 1150 nectendas
1062 1111 1336 1163 potiusquam
1380 1113 1430 1151 ad
1475 1112 1790 1154 controxersiae

167 1174 494 1214 elucidationem
521 1175 731 1225 postulari
760 1175 966 1223 ridentur,
996 1181 1084 1216 tum
1110 1176 1151 1215 in
1181 1176 1335 1229 seipsis
1364 1177 1672 1226 consideratae,
1702 1184 1789 1218 tum

165 1254 217 1279 ex
245 1253 393 1279 earum
423 1239 766 1287 circumstantiis,
801 1240 907 1280 sicut
937 1240 1115 1281 innuunt
1143 1241 1356 1293 exempla,
1390 1256 1497 1294 quae
1526 1247 1786 1294 sequuntur:

168 1319 242 1343 ceu
272 1319 446 1343 examen
477 1308 515 1351 a)
543 1306 659 1344 testis
688 1305 812 1357 longe
840 1306 992 1349 dissiti,
1023 1306 1143 1345 cuius
1172 1307 1350 1357 proinde
1378 1307 1680 1355 testimonium,
1709 1308 1789 1347 etsi

164 1368 415 1420 requisitum
448 1383 467 1407 a
499 1369 698 1409 tribunali
729 1369 933 1410 domicilii
964 1371 1097 1417 testis,
1130 1371 1314 1423 longiori
1344 1377 1534 1422 tempore
1563 1378 1790 1423 expectan—

167 1433 266 1472 dum
295 1439 422 1473 esset.
456 1434 499 1480 h)
530 1439 600 1473 aut
632 1435 751 1473 cuius
785 1434 990 1474 «testis»
1025 1435 1286 1475 domicilium
1318 1436 1518 1483 nescitur,
1555 1437 1620 1475 vel
1651 1442 1689 1486 c)
1720 1451 1790 1476 co-

165 1498 296 1547 qnilio
331 1511 351 1536 a
383 1497 583 1536 tribunali
619 1498 823 1537 sumenda
857 1499 1099 1538 documenti
1130 1499 1276 1539 forsan
1310 1499 1425 1539 utilis
1457 1500 1509 1539 ad
1544 1514 1716 1541 causam
1748 1506 1789 1541 et

165 1567 278 1600 certo
310 1562 546 1609 existent'1s,
585 1563 657 1602 sed
695 1564 809 1614 quod
843 1564 924 1603 cito
961 1564 1109 1603 haberi
1144 1578 1226 1603 non
1262 1569 1400 1615 potest
1433 1578 1485 1604 eo
1520 1565 1662 1612 niodo,
1701 1579 1786 1617 quo

163 1625 363 1665 tribunali
394 1632 457 1665 est
490 1627 770 1675 offerendum,
806 1628 932 1667 tuder
965 1643 1014 1667 ne
1047 1629 1253 1677 admittat,
1287 1629 1414 1669 veluti
1450 1630 1680 1681 prohibitio
1714 1630 1787 1669 lia-

164 1690 269 1729 bens
297 1690 392 1729 illas
421 1691 535 1731 solas
565 1692 851 1743 exceptiones,
882 1707 989 1744 quas
1018 1693 1160 1733 iudicii
1190 1699 1339 1733 natura
1368 1694 1575 1745 exposcit,
1608 1707 1782 1746 nempe:

164 1754 245 1794 nisi
269 1756 347 1794 hae
373 1756 664 1805 probationes,
693 1771 800 1808 quae
826 1758 1083 1798 moratoriae
1110 1773 1160 1798 ex
1187 1773 1270 1799 uno
1298 1767 1486 1811 aspectu,
1517 1763 1784 1802 necessariae

162 1818 383 1857 videantur
417 1820 515 1869 quio
549 1823 712 1859 ceterae
749 1834 822 1860 seu
857 1821 965 1861 aliae
1001 1822 1277 1873 probationes
1311 1824 1517 1864 adductae
1553 1825 1617 1864 vel
1653 1826 1785 1865 addu-

163 1882 319 1922 cendae
346 1885 386 1933 a)
413 1883 609 1935 deliciunt
634 1884 764 1925 idest:
793 1898 877 1925 non
901 1886 1043 1926 adsint
1068 1892 1138 1927 out
1163 1887 1207 1937 b)
1234 1888 1287 1928 ad
1309 1887 1602 1929 definitionem
1628 1903 1782 1930 causae

160 1947 260 1986 suli>
295 1961 378 1986 non
411 1948 507 1987 sint.

253 2018 359 2053 250.
392 2018 666 2055 Distributio
705 2020 851 2056 'l'ituli
887 2021 934 2056 in
968 2022 1141 2067 Capita..
1173 2043 1217 2048 —
1253 2017 1550 2066 ProbationeS,
1578 2025 1775 2070 utsupra

163 2076 319 2116 dictum
347 2084 425 2125 est,
460 2079 510 2117 ad
542 2079 620 2119 hoc
648 2080 839 2127 tendunt,
872 2086 914 2120 ut
943 2081 1054 2121 facta
1085 2082 1186 2121 fiant
1218 2088 1344 2130 certa,
1379 2096 1486 2134 quae
1518 2097 1784 2135 praesuppo-

162 2146 316 2181 nuntur
338 2142 400 2181 vel
426 2143 478 2182 ad
502 2143 593 2182 iura
613 2145 837 2184 statuenda
863 2145 1029 2198 singula
1053 2146 1117 2185 vel
1142 2160 1223 2198 qua
1247 2146 1398 2186 delicta
1424 2154 1467 2187 ut
1491 2161 1627 2199 poena
1652 2149 1784 2189 mulc-

159 2211 295 2244 tentur
320 2219 340 2244 a
367 2206 503 2246 iudice
525 2208 677 2247 saltem
702 2222 776 2260 per
799 2210 1146 2250 declarationem.
1175 2211 1299 2250 Facta
1326 2225 1426 2251 vero
1448 2217 1622 2252 externa
1646 2214 1782 2253 sensi-

160 2268 238 2308 bus
261 2270 553 2321 1;›ei·‹3ipiuntur
575 2272 615 2310 in
639 2273 777 2323 sepsis
799 2273 864 2313 vel
885 2274 925 2312 in
949 2274 1046 2314 aliis
1067 2275 1341 2315 consectariis
1364 2289 1411 2315 ac
1435 2276 1778 2324 circumstantiis,

157 2347 264 2384 quae
305 2334 624 2375 fundamentum
663 2338 867 2388 praebent
904 2338 1042 2391 magis
1080 2340 1145 2379 vel
1183 2339 1323 2380 minus
1361 2341 1530 2380 firmum
1569 2342 1620 2381 ad
1659 2356 1781 2393 prae-

160 2397 268 2435 dicta
300 2401 409 2437 sacta
440 2400 748 2441 rationabiliter
779 2402 1051 2442 admittenda.
1087 2403 1224 2443 Porro
1255 2404 1296 2443 in
1328 2418 1420 2444 can.
1457 2407 1504 2445 16
1534 2405 1551 2449 ἓ
1580 2407 1604 2445 2
1635 2406 1780 2446 statui-

158 2466 246 2501 tur:
283 2462 570 2513 «Ignorantia
603 2465 667 2503 x-el
698 2479 869 2505 error...
904 2467 1013 2506 circa
1047 2467 1204 2507 factum
1237 2468 1510 2520 proprium...
1546 2469 1779 2522 generatim

158 2538 241 2563 non
275 2527 618 2576 praesumitur»,
654 2529 781 2569 immo
810 2536 849 2569 et
883 2537 1025 2582 partes
1057 2537 1283 2582 potuerunt
1315 2538 1358 2573 ut
1387 2533 1618 2586 plurimum
1649 2534 1776 2581 sacta,

159 2602 266 2640 quae
302 2589 419 2640 ipsas
454 2591 728 2643 attingebant.
766 2595 922 2645 optime
957 2596 1140 2635 nox-isse.
1181 2596 1288 2636 Hinc
1323 2598 1513 2649 sequitur
1548 2599 1780 2639 confessio-

159 2666 253 2692 neni
288 2654 421 2704 partis
456 2655 505 2693 de
539 2656 682 2707 aliquo
716 2658 827 2697 facto
859 2658 942 2698 sibi
977 2673 1059 2698 non
1092 2661 1320 2700 favorabili
1354 2663 1418 2701 vel
1454 2663 1504 2702 ab
1540 2663 1621 2703 alia
1657 2669 1777 2716 parte

160 2723 323 2756 asserto
350 2718 511 2757 admitti
539 2733 684 2759 secure
711 2721 763 2759 ad
791 2723 1124 2763 controversiam
1151 2725 1257 2764 inter
1281 2739 1356 2765 eas
1383 2727 1648 2776 solvendum,
1677 2741 1779 2780 qua-

156 2851 162 2857 .
223 2805 264 2884 0¹¹
293 2803 397 2838 Sess.
428 2805 552 2842 XXV.
582 2818 668 2850 cap.
700 2810 756 2842 10.
785 2827 831 2834 —
858 2810 870 2830 2
898 2810 990 2853 (⁴211).
1027 2826 1034 2839 ‹
1062 2811 1187 2855 Saepe
1206 2813 1410 2857 contingit
1429 2829 1458 2857 »,
1480 2815 1545 2849 tit.
1568 2815 1620 2848 ΙΙ.
1643 2815 1731 2849 Lib.
1749 2816 1783 2850 V

154 2863 193 2884 1n
239 2884 242 2885 γ
272 2863 346 2885 eni.
