<?xml version="1.0" encoding="UTF-8"?>
<!DOCTYPE html PUBLIC "-//W3C//DTD XHTML 1.0 Transitional//EN"
    "http://www.w3.org/TR/xhtml1/DTD/xhtml1-transitional.dtd">
<html xmlns="http://www.w3.org/1999/xhtml" xml:lang="en" lang="en">
 <head>
  <title>
</title>
<meta http-equiv="Content-Type" content="text/html;charset=utf-8" />
  <meta name='ocr-system' content='tesseract 3.04.00' />
  <meta name='ocr-capabilities' content='ocr_page ocr_carea ocr_par ocr_line ocrx_word'/>
</head>
<body>
  <div class='ocr_page' id='page_1' title='image "./commentariumtext04blatuoft_0468.png"; bbox 0 0 1914 3083; ppageno 0'>
   <div class='ocr_carea' id='block_1_1' title="bbox 223 102 395 108">
    <p class='ocr_par' dir='ltr' id='par_1_1' title="bbox 223 102 395 108">
     <span class='ocr_line' id='line_1_1' title="bbox 223 102 395 108; baseline 0 0"><span class='ocrx_word' id='word_1_1' title='bbox 223 102 395 108; x_wconf 95' lang='lat' dir='ltr'> </span> 
     </span>
    </p>
   </div>
   <div class='ocr_carea' id='block_1_2' title="bbox 223 161 1854 2862">
    <p class='ocr_par' dir='ltr' id='par_1_2' title="bbox 223 161 1847 540">
     <span class='ocr_line' id='line_1_2' title="bbox 223 161 1846 213; baseline 0.004 -13"><span class='ocrx_word' id='word_1_2' title='bbox 223 161 335 200; x_wconf 87' lang='lat' dir='ltr'>tionc</span> <span class='ocrx_word' id='word_1_3' title='bbox 375 162 626 213; x_wconf 72' lang='lat' dir='ltr'>praemissa,</span> <span class='ocrx_word' id='word_1_4' title='bbox 666 176 742 201; x_wconf 77' lang='lat' dir='ltr'>eos</span> <span class='ocrx_word' id='word_1_5' title='bbox 785 163 826 201; x_wconf 79' lang='lat' dir='ltr'>S.</span> <span class='ocrx_word' id='word_1_6' title='bbox 869 163 1018 203; x_wconf 79' lang='lat' dir='ltr'>Officio</span> <span class='ocrx_word' id='word_1_7' title='bbox 1054 170 1126 203; x_wconf 77' lang='lat' dir='ltr'>:aut</span> <span class='ocrx_word' id='word_1_8' title='bbox 1165 165 1356 204; x_wconf 86' lang='lat' dir='ltr'>locorum</span> <span class='ocrx_word' id='word_1_9' title='bbox 1397 165 1637 206; x_wconf 82' lang='lat' dir='ltr'>OrdinaIiis</span> <span class='ocrx_word' id='word_1_10' title='bbox 1675 167 1846 207; x_wconf 88' lang='lat' dir='ltr'>incunc-</span> 
     </span>
     <span class='ocr_line' id='line_1_3' title="bbox 224 226 1841 282; baseline 0.003 -17"><span class='ocrx_word' id='word_1_11' title='bbox 224 232 359 265; x_wconf 80' lang='lat' dir='ltr'>tanter</span> <span class='ocrx_word' id='word_1_12' title='bbox 389 226 654 265; x_wconf 80' lang='lat' dir='ltr'>denuntiare.</span> <span class='ocrx_word' id='word_1_13' title='bbox 690 227 750 266; x_wconf 86' lang='lat' dir='ltr'>Ne</span> <span class='ocrx_word' id='word_1_14' title='bbox 783 241 883 266; x_wconf 72' lang='lat' dir='ltr'>vero</span> <span class='ocrx_word' id='word_1_15' title='bbox 917 227 1210 268; x_wconf 71' lang='lat' dir='ltr'>sanctissimae</span> <span class='ocrx_word' id='word_1_16' title='bbox 1243 229 1320 268; x_wconf 86' lang='lat' dir='ltr'>hae</span> <span class='ocrx_word' id='word_1_17' title='bbox 1354 230 1470 281; x_wconf 86' lang='lat' dir='ltr'>leges</span> <span class='ocrx_word' id='word_1_18' title='bbox 1500 244 1554 270; x_wconf 82' lang='lat' dir='ltr'>cx</span> <span class='ocrx_word' id='word_1_19' title='bbox 1586 230 1841 282; x_wconf 75' lang='lat' dir='ltr'>ignorantia,</span> 
     </span>
     <span class='ocr_line' id='line_1_4' title="bbox 226 289 1847 347; baseline 0.004 -19"><span class='ocrx_word' id='word_1_20' title='bbox 226 290 289 329; x_wconf 79' lang='lat' dir='ltr'>vel</span> <span class='ocrx_word' id='word_1_21' title='bbox 319 289 477 329; x_wconf 80' lang='lat' dir='ltr'>malitia</span> <span class='ocrx_word' id='word_1_22' title='bbox 508 290 639 342; x_wconf 91' lang='lat' dir='ltr'>(quod</span> <span class='ocrx_word' id='word_1_23' title='bbox 668 291 783 330; x_wconf 77' lang='lat' dir='ltr'>Deus</span> <span class='ocrx_word' id='word_1_24' title='bbox 807 295 987 341; x_wconf 70' lang='lat' dir='ltr'>avertat)</span> <span class='ocrx_word' id='word_1_25' title='bbox 1016 292 1174 344; x_wconf 79' lang='lat' dir='ltr'>negligi</span> <span class='ocrx_word' id='word_1_26' title='bbox 1202 299 1276 332; x_wconf 85' lang='lat' dir='ltr'>aut</span> <span class='ocrx_word' id='word_1_27' title='bbox 1304 293 1477 346; x_wconf 80' lang='lat' dir='ltr'>infringi</span> <span class='ocrx_word' id='word_1_28' title='bbox 1508 295 1738 347; x_wconf 87' lang='lat' dir='ltr'>contingat,</span> <span class='ocrx_word' id='word_1_29' title='bbox 1771 296 1847 336; x_wconf 87' lang='lat' dir='ltr'>Su-</span> 
     </span>
     <span class='ocr_line' id='line_1_5' title="bbox 226 355 1845 410; baseline 0.004 -17"><span class='ocrx_word' id='word_1_30' title='bbox 226 355 468 406; x_wconf 80' lang='lat' dir='ltr'>perioribus</span> <span class='ocrx_word' id='word_1_31' title='bbox 493 368 620 406; x_wconf 72' lang='lat' dir='ltr'>grave</span> <span class='ocrx_word' id='word_1_32' title='bbox 648 368 755 395; x_wconf 88' lang='lat' dir='ltr'>onus</span> <span class='ocrx_word' id='word_1_33' title='bbox 783 355 1026 397; x_wconf 77' lang='lat' dir='ltr'>incumbere</span> <span class='ocrx_word' id='word_1_34' title='bbox 1051 370 1141 404; x_wconf 84' lang='lat' dir='ltr'>eas,</span> <span class='ocrx_word' id='word_1_35' title='bbox 1170 371 1254 409; x_wconf 87' lang='lat' dir='ltr'>quo</span> <span class='ocrx_word' id='word_1_36' title='bbox 1281 358 1579 410; x_wconf 74' lang='lat' dir='ltr'>opportuniori</span> <span class='ocrx_word' id='word_1_37' title='bbox 1608 360 1845 410; x_wconf 76' lang='lat' dir='ltr'>putaverint</span> 
     </span>
     <span class='ocr_line' id='line_1_6' title="bbox 225 419 1846 466; baseline 0.004 -8"><span class='ocrx_word' id='word_1_38' title='bbox 225 419 367 466; x_wconf 87' lang='lat' dir='ltr'>modo,</span> <span class='ocrx_word' id='word_1_39' title='bbox 401 420 451 458; x_wconf 86' lang='lat' dir='ltr'>ad</span> <span class='ocrx_word' id='word_1_40' title='bbox 485 419 752 459; x_wconf 80' lang='lat' dir='ltr'>subditorum</span> <span class='ocrx_word' id='word_1_41' title='bbox 780 434 959 460; x_wconf 79' lang='lat' dir='ltr'>suorum</span> <span class='ocrx_word' id='word_1_42' title='bbox 992 427 1148 461; x_wconf 85' lang='lat' dir='ltr'>certam</span> <span class='ocrx_word' id='word_1_43' title='bbox 1181 428 1218 461; x_wconf 90' lang='lat' dir='ltr'>et</span> <span class='ocrx_word' id='word_1_44' title='bbox 1250 422 1490 462; x_wconf 80' lang='lat' dir='ltr'>distinctam</span> <span class='ocrx_word' id='word_1_45' title='bbox 1523 423 1751 463; x_wconf 77' lang='lat' dir='ltr'>identidem</span> <span class='ocrx_word' id='word_1_46' title='bbox 1783 438 1846 464; x_wconf 89' lang='lat' dir='ltr'>re-</span> 
     </span>
     <span class='ocr_line' id='line_1_7' title="bbox 223 483 1843 540; baseline 0.004 -18"><span class='ocrx_word' id='word_1_47' title='bbox 223 484 334 522; x_wconf 80' lang='lat' dir='ltr'>ferre</span> <span class='ocrx_word' id='word_1_48' title='bbox 373 483 578 526; x_wconf 81' lang='lat' dir='ltr'>notitiam,</span> <span class='ocrx_word' id='word_1_49' title='bbox 619 498 849 536; x_wconf 90' lang='lat' dir='ltr'>eorumque</span> <span class='ocrx_word' id='word_1_50' title='bbox 889 485 940 524; x_wconf 89' lang='lat' dir='ltr'>ab</span> <span class='ocrx_word' id='word_1_51' title='bbox 975 485 1040 525; x_wconf 83' lang='lat' dir='ltr'>eis</span> <span class='ocrx_word' id='word_1_52' title='bbox 1079 486 1241 536; x_wconf 87' lang='lat' dir='ltr'>pleram</span> <span class='ocrx_word' id='word_1_53' title='bbox 1281 487 1594 527; x_wconf 73' lang='lat' dir='ltr'>observantiam</span> <span class='ocrx_word' id='word_1_54' title='bbox 1633 502 1843 540; x_wconf 87' lang='lat' dir='ltr'>urgere».</span> 
     </span>
    </p>

    <p class='ocr_par' dir='ltr' id='par_1_3' title="bbox 224 548 1848 1182">
     <span class='ocr_line' id='line_1_8' title="bbox 334 548 1848 603; baseline 0.004 -17"><span class='ocrx_word' id='word_1_55' title='bbox 334 548 669 588; x_wconf 70' lang='lat' dir='ltr'>Fundmnentum</span> <span class='ocrx_word' id='word_1_56' title='bbox 710 562 810 587; x_wconf 76' lang='lat' dir='ltr'>vero</span> <span class='ocrx_word' id='word_1_57' title='bbox 851 549 963 588; x_wconf 88' lang='lat' dir='ltr'>modi</span> <span class='ocrx_word' id='word_1_58' title='bbox 1007 549 1156 589; x_wconf 89' lang='lat' dir='ltr'>alterni</span> <span class='ocrx_word' id='word_1_59' title='bbox 1200 563 1358 590; x_wconf 81' lang='lat' dir='ltr'>canone</span> <span class='ocrx_word' id='word_1_60' title='bbox 1399 552 1595 602; x_wconf 78' lang='lat' dir='ltr'>expressi</span> <span class='ocrx_word' id='word_1_61' title='bbox 1639 552 1848 603; x_wconf 83' lang='lat' dir='ltr'>accipien-</span> 
     </span>
     <span class='ocr_line' id='line_1_9' title="bbox 224 612 1847 667; baseline 0.004 -17"><span class='ocrx_word' id='word_1_62' title='bbox 224 612 325 651; x_wconf 90' lang='lat' dir='ltr'>dum</span> <span class='ocrx_word' id='word_1_63' title='bbox 354 618 419 651; x_wconf 74' lang='lat' dir='ltr'>est</span> <span class='ocrx_word' id='word_1_64' title='bbox 449 626 502 652; x_wconf 81' lang='lat' dir='ltr'>ex</span> <span class='ocrx_word' id='word_1_65' title='bbox 535 612 655 652; x_wconf 87' lang='lat' dir='ltr'>initio</span> <span class='ocrx_word' id='word_1_66' title='bbox 689 627 782 664; x_wconf 90' lang='lat' dir='ltr'>cap.</span> <span class='ocrx_word' id='word_1_67' title='bbox 822 616 869 653; x_wconf 73' lang='grc'>16</span> <span class='ocrx_word' id='word_1_68' title='bbox 903 613 997 653; x_wconf 86' lang='lat' dir='ltr'>«de</span> <span class='ocrx_word' id='word_1_69' title='bbox 1032 614 1390 663; x_wconf 68' lang='lat' dir='ltr'>accusationibus,</span> <span class='ocrx_word' id='word_1_70' title='bbox 1427 615 1774 667; x_wconf 75' lang='lat' dir='ltr'>inquisitionibus</span> <span class='ocrx_word' id='word_1_71' title='bbox 1806 623 1847 656; x_wconf 88' lang='lat' dir='ltr'>et</span> 
     </span>
     <span class='ocr_line' id='line_1_10' title="bbox 225 676 1847 732; baseline 0.004 -18"><span class='ocrx_word' id='word_1_72' title='bbox 225 676 669 717; x_wconf 84' lang='lat' dir='ltr'>denunciationibus»</span> <span class='ocrx_word' id='word_1_73' title='bbox 711 678 778 727; x_wconf 65' lang='lat' dir='ltr'>(V,</span> <span class='ocrx_word' id='word_1_74' title='bbox 823 680 860 727; x_wconf 86' lang='lat'>1)</span> <span class='ocrx_word' id='word_1_75' title='bbox 900 678 943 717; x_wconf 80' lang='lat' dir='ltr'>X.</span> <span class='ocrx_word' id='word_1_76' title='bbox 991 677 1058 717; x_wconf 78' lang='lat' dir='ltr'>Sic</span> <span class='ocrx_word' id='word_1_77' title='bbox 1095 678 1210 718; x_wconf 88' lang='lat' dir='ltr'>enim</span> <span class='ocrx_word' id='word_1_78' title='bbox 1251 679 1306 718; x_wconf 87' lang='lat' dir='ltr'>ait</span> <span class='ocrx_word' id='word_1_79' title='bbox 1348 680 1492 719; x_wconf 87' lang='lat' dir='ltr'>Innoc.</span> <span class='ocrx_word' id='word_1_80' title='bbox 1538 681 1621 720; x_wconf 88' lang='lat' dir='ltr'>III:</span> <span class='ocrx_word' id='word_1_81' title='bbox 1665 681 1847 732; x_wconf 83' lang='lat' dir='ltr'>«Super</span> 
     </span>
     <span class='ocr_line' id='line_1_11' title="bbox 227 740 1847 794; baseline 0.004 -15"><span class='ocrx_word' id='word_1_82' title='bbox 227 740 292 780; x_wconf 85' lang='lat' dir='ltr'>his</span> <span class='ocrx_word' id='word_1_83' title='bbox 321 741 371 780; x_wconf 88' lang='lat' dir='ltr'>de</span> <span class='ocrx_word' id='word_1_84' title='bbox 400 740 554 792; x_wconf 83' lang='lat' dir='ltr'>quibus</span> <span class='ocrx_word' id='word_1_85' title='bbox 578 755 660 781; x_wconf 70' lang='lat' dir='ltr'>«nos</span> <span class='ocrx_word' id='word_1_86' title='bbox 689 741 909 781; x_wconf 88' lang='lat' dir='ltr'>consulere</span> <span class='ocrx_word' id='word_1_87' title='bbox 939 742 1147 789; x_wconf 81' lang='lat' dir='ltr'>voluistis,</span> <span class='ocrx_word' id='word_1_88' title='bbox 1179 742 1442 794; x_wconf 65' lang='lat' dir='ltr'>inquisitioni</span> <span class='ocrx_word' id='word_1_89' title='bbox 1471 749 1635 784; x_wconf 86' lang='lat' dir='ltr'>vestrae</span> <span class='ocrx_word' id='word_1_90' title='bbox 1664 744 1847 785; x_wconf 80' lang='lat' dir='ltr'>breviter</span> 
     </span>
     <span class='ocr_line' id='line_1_12' title="bbox 227 807 1848 860; baseline 0.004 -16"><span class='ocrx_word' id='word_1_91' title='bbox 227 807 552 857; x_wconf 73' lang='lat' dir='ltr'>respondemus,</span> <span class='ocrx_word' id='word_1_92' title='bbox 596 807 711 858; x_wconf 89' lang='lat' dir='ltr'>quod</span> <span class='ocrx_word' id='word_1_93' title='bbox 755 807 889 847; x_wconf 87' lang='lat' dir='ltr'>tribus</span> <span class='ocrx_word' id='word_1_94' title='bbox 931 807 1072 847; x_wconf 84' lang='lat' dir='ltr'>modis</span> <span class='ocrx_word' id='word_1_95' title='bbox 1112 808 1222 847; x_wconf 79' lang='lat' dir='ltr'>valet</span> <span class='ocrx_word' id='word_1_96' title='bbox 1264 809 1422 848; x_wconf 84' lang='lat' dir='ltr'>crimen</span> <span class='ocrx_word' id='word_1_97' title='bbox 1468 809 1644 860; x_wconf 85' lang='lat' dir='ltr'>opponi,</span> <span class='ocrx_word' id='word_1_98' title='bbox 1687 811 1848 850; x_wconf 88' lang='lat' dir='ltr'>denun-</span> 
     </span>
     <span class='ocr_line' id='line_1_13' title="bbox 227 870 1847 923; baseline 0.002 -12"><span class='ocrx_word' id='word_1_99' title='bbox 227 870 393 918; x_wconf 84' lang='lat' dir='ltr'>ciando,</span> <span class='ocrx_word' id='word_1_100' title='bbox 427 871 681 923; x_wconf 83' lang='lat' dir='ltr'>excipiendo</span> <span class='ocrx_word' id='word_1_101' title='bbox 714 878 754 911; x_wconf 85' lang='lat' dir='ltr'>et</span> <span class='ocrx_word' id='word_1_102' title='bbox 791 872 1045 911; x_wconf 87' lang='lat' dir='ltr'>accusando.</span> <span class='ocrx_word' id='word_1_103' title='bbox 1084 873 1265 921; x_wconf 79' lang='lat' dir='ltr'>Quando</span> <span class='ocrx_word' id='word_1_104' title='bbox 1300 873 1457 912; x_wconf 88' lang='lat' dir='ltr'>crimen</span> <span class='ocrx_word' id='word_1_105' title='bbox 1494 873 1534 912; x_wconf 92' lang='lat' dir='ltr'>in</span> <span class='ocrx_word' id='word_1_106' title='bbox 1570 875 1743 914; x_wconf 90' lang='lat' dir='ltr'>modum</span> <span class='ocrx_word' id='word_1_107' title='bbox 1776 876 1847 914; x_wconf 88' lang='lat' dir='ltr'>de-</span> 
     </span>
     <span class='ocr_line' id='line_1_14' title="bbox 227 936 1846 988; baseline 0.004 -14"><span class='ocrx_word' id='word_1_108' title='bbox 227 936 511 976; x_wconf 87' lang='lat' dir='ltr'>nunciationis</span> <span class='ocrx_word' id='word_1_109' title='bbox 553 936 798 987; x_wconf 81' lang='lat' dir='ltr'>opponitur.</span> <span class='ocrx_word' id='word_1_110' title='bbox 842 950 924 975; x_wconf 94' lang='lat' dir='ltr'>non</span> <span class='ocrx_word' id='word_1_111' title='bbox 968 943 1029 976; x_wconf 79' lang='lat' dir='ltr'>est</span> <span class='ocrx_word' id='word_1_112' title='bbox 1071 937 1291 988; x_wconf 78' lang='lat' dir='ltr'>inscriptio</span> <span class='ocrx_word' id='word_1_113' title='bbox 1334 938 1590 985; x_wconf 64' lang='lat' dir='ltr'>necessariffi</span> <span class='ocrx_word' id='word_1_114' title='bbox 1635 940 1708 978; x_wconf 80' lang='lat' dir='ltr'>sed</span> <span class='ocrx_word' id='word_1_115' title='bbox 1751 953 1846 980; x_wconf 87' lang='lat' dir='ltr'>cum</span> 
     </span>
     <span class='ocr_line' id='line_1_15' title="bbox 226 1000 1848 1055; baseline 0.002 -16"><span class='ocrx_word' id='word_1_116' title='bbox 226 1000 266 1039; x_wconf 93' lang='lat' dir='ltr'>in</span> <span class='ocrx_word' id='word_1_117' title='bbox 306 1000 478 1040; x_wconf 89' lang='lat' dir='ltr'>modum</span> <span class='ocrx_word' id='word_1_118' title='bbox 518 1000 802 1040; x_wconf 62' lang='lat' dir='ltr'>accusationis</span> <span class='ocrx_word' id='word_1_119' title='bbox 841 1006 1005 1052; x_wconf 81' lang='lat' dir='ltr'>oportet</span> <span class='ocrx_word' id='word_1_120' title='bbox 1044 1001 1242 1042; x_wconf 79' lang='lat' dir='ltr'>inscribi:</span> <span class='ocrx_word' id='word_1_121' title='bbox 1282 1003 1486 1053; x_wconf 90' lang='lat' dir='ltr'>quoniam</span> <span class='ocrx_word' id='word_1_122' title='bbox 1526 1004 1577 1042; x_wconf 88' lang='lat' dir='ltr'>ad</span> <span class='ocrx_word' id='word_1_123' title='bbox 1618 1003 1848 1055; x_wconf 88' lang='lat' dir='ltr'>depositio-</span> 
     </span>
     <span class='ocr_line' id='line_1_16' title="bbox 227 1065 1848 1113; baseline 0.002 -9"><span class='ocrx_word' id='word_1_124' title='bbox 227 1079 322 1105; x_wconf 86' lang='lat' dir='ltr'>nem</span> <span class='ocrx_word' id='word_1_125' title='bbox 365 1065 594 1104; x_wconf 84' lang='lat' dir='ltr'>instituitur</span> <span class='ocrx_word' id='word_1_126' title='bbox 637 1066 866 1113; x_wconf 85' lang='lat' dir='ltr'>accusatio;</span> <span class='ocrx_word' id='word_1_127' title='bbox 912 1066 985 1105; x_wconf 90' lang='lat' dir='ltr'>sed</span> <span class='ocrx_word' id='word_1_128' title='bbox 1029 1066 1080 1105; x_wconf 88' lang='lat' dir='ltr'>ad</span> <span class='ocrx_word' id='word_1_129' title='bbox 1125 1066 1429 1106; x_wconf 77' lang='lat' dir='ltr'>correctionem</span> <span class='ocrx_word' id='word_1_130' title='bbox 1469 1073 1534 1107; x_wconf 90' lang='lat' dir='ltr'>est</span> <span class='ocrx_word' id='word_1_131' title='bbox 1577 1068 1848 1107; x_wconf 81' lang='lat' dir='ltr'>denunciatio</span> 
     </span>
     <span class='ocr_line' id='line_1_17' title="bbox 227 1130 1098 1182; baseline 0 -13"><span class='ocrx_word' id='word_1_132' title='bbox 227 1130 420 1169; x_wconf 82' lang='lat' dir='ltr'>facienda</span> <span class='ocrx_word' id='word_1_133' title='bbox 445 1145 480 1169; x_wconf 86' lang='lat'>».</span> <span class='ocrx_word' id='word_1_134' title='bbox 517 1131 577 1169; x_wconf 87' lang='lat' dir='ltr'>lta</span> <span class='ocrx_word' id='word_1_135' title='bbox 614 1130 729 1170; x_wconf 85' lang='lat' dir='ltr'>iuxta</span> <span class='ocrx_word' id='word_1_136' title='bbox 764 1130 984 1182; x_wconf 88' lang='lat' dir='ltr'>antiquum</span> <span class='ocrx_word' id='word_1_137' title='bbox 1019 1130 1098 1170; x_wconf 87' lang='lat' dir='ltr'>ius.</span> 
     </span>
    </p>

    <p class='ocr_par' dir='ltr' id='par_1_4' title="bbox 226 1197 1851 1830">
     <span class='ocr_line' id='line_1_18' title="bbox 326 1197 1851 1249; baseline 0.001 -14"><span class='ocrx_word' id='word_1_138' title='bbox 326 1201 433 1235; x_wconf 83' lang='lat'>483.</span> <span class='ocrx_word' id='word_1_139' title='bbox 472 1200 800 1236; x_wconf 73' lang='lat' dir='ltr'>Denunciantis</span> <span class='ocrx_word' id='word_1_140' title='bbox 840 1201 1040 1245; x_wconf 75' lang='lat' dir='ltr'>praefati</span> <span class='ocrx_word' id='word_1_141' title='bbox 1081 1201 1299 1246; x_wconf 73' lang='lat' dir='ltr'>obligatio</span> <span class='ocrx_word' id='word_1_142' title='bbox 1332 1203 1396 1236; x_wconf 81' lang='lat' dir='ltr'>est</span> <span class='ocrx_word' id='word_1_143' title='bbox 1433 1211 1560 1248; x_wconf 91' lang='lat' dir='ltr'>quam</span> <span class='ocrx_word' id='word_1_144' title='bbox 1598 1197 1851 1249; x_wconf 80' lang='lat' dir='ltr'>praescribit</span> 
     </span>
     <span class='ocr_line' id='line_1_19' title="bbox 226 1260 1845 1312; baseline 0.002 -13"><span class='ocrx_word' id='word_1_145' title='bbox 226 1274 317 1299; x_wconf 83' lang='lat' dir='ltr'>can.</span> <span class='ocrx_word' id='word_1_146' title='bbox 354 1261 468 1299; x_wconf 69' lang='lat'><strong><em>1937.</em></strong></span> <span class='ocrx_word' id='word_1_147' title='bbox 505 1260 586 1310; x_wconf 76' lang='lat' dir='ltr'>Qui</span> <span class='ocrx_word' id='word_1_148' title='bbox 616 1261 815 1300; x_wconf 82' lang='lat' dir='ltr'>delictum</span> <span class='ocrx_word' id='word_1_149' title='bbox 846 1260 1035 1308; x_wconf 86' lang='lat' dir='ltr'>alterius,</span> <span class='ocrx_word' id='word_1_150' title='bbox 1068 1266 1111 1300; x_wconf 87' lang='lat' dir='ltr'>ut</span> <span class='ocrx_word' id='word_1_151' title='bbox 1143 1275 1287 1312; x_wconf 86' lang='lat' dir='ltr'>supra,</span> <span class='ocrx_word' id='word_1_152' title='bbox 1322 1262 1544 1301; x_wconf 82' lang='lat' dir='ltr'>denunciat</span> <span class='ocrx_word' id='word_1_153' title='bbox 1578 1262 1845 1310; x_wconf 86' lang='lat' dir='ltr'>iudicialiter,</span> 
     </span>
     <span class='ocr_line' id='line_1_20' title="bbox 226 1324 1849 1376; baseline 0.002 -13"><span class='ocrx_word' id='word_1_154' title='bbox 226 1324 290 1363; x_wconf 72' lang='lat' dir='ltr'>vel</span> <span class='ocrx_word' id='word_1_155' title='bbox 323 1325 418 1363; x_wconf 90' lang='lat' dir='ltr'>«ad</span> <span class='ocrx_word' id='word_1_156' title='bbox 449 1324 788 1364; x_wconf 79' lang='lat' dir='ltr'>satisfactionem</span> <span class='ocrx_word' id='word_1_157' title='bbox 823 1325 1048 1376; x_wconf 88' lang='lat' dir='ltr'>petendam</span> <span class='ocrx_word' id='word_1_158' title='bbox 1081 1325 1145 1364; x_wconf 72' lang='lat' dir='ltr'>vel</span> <span class='ocrx_word' id='word_1_159' title='bbox 1180 1326 1381 1365; x_wconf 90' lang='lat' dir='ltr'>damnum</span> <span class='ocrx_word' id='word_1_160' title='bbox 1413 1325 1495 1366; x_wconf 86' lang='lat' dir='ltr'>sibi</span> <span class='ocrx_word' id='word_1_161' title='bbox 1531 1326 1849 1366; x_wconf 84' lang='lat' dir='ltr'>resarciendum</span> 
     </span>
     <span class='ocr_line' id='line_1_21' title="bbox 228 1389 1850 1442; baseline 0 -13"><span class='ocrx_word' id='word_1_162' title='bbox 228 1391 292 1429; x_wconf 80' lang='lat' dir='ltr'>vel</span> <span class='ocrx_word' id='word_1_163' title='bbox 320 1389 448 1429; x_wconf 85' lang='lat' dir='ltr'>etiam</span> <span class='ocrx_word' id='word_1_164' title='bbox 480 1390 620 1429; x_wconf 88' lang='lat' dir='ltr'>studio</span> <span class='ocrx_word' id='word_1_165' title='bbox 652 1389 834 1429; x_wconf 86' lang='lat' dir='ltr'>iustitiae</span> <span class='ocrx_word' id='word_1_166' title='bbox 859 1404 895 1431; x_wconf 81' lang='lat'>».</span> <span class='ocrx_word' id='word_1_167' title='bbox 929 1391 1039 1440; x_wconf 87' lang='lat' dir='ltr'>(can.</span> <span class='ocrx_word' id='word_1_168' title='bbox 1078 1392 1192 1437; x_wconf 75' lang='lat'>1935,</span> <span class='ocrx_word' id='word_1_169' title='bbox 1225 1397 1241 1433; x_wconf 70' lang='lat' dir='ltr'>s</span> <span class='ocrx_word' id='word_1_170' title='bbox 1275 1393 1327 1439; x_wconf 93' lang='grc'>1),</span> <span class='ocrx_word' id='word_1_171' title='bbox 1361 1396 1447 1430; x_wconf 91' lang='lat' dir='ltr'>tum</span> <span class='ocrx_word' id='word_1_172' title='bbox 1481 1391 1651 1442; x_wconf 81' lang='lat' dir='ltr'>quando</span> <span class='ocrx_word' id='word_1_173' title='bbox 1684 1406 1704 1429; x_wconf 91' lang='lat'>«</span> <span class='ocrx_word' id='word_1_174' title='bbox 1725 1390 1850 1442; x_wconf 89' lang='lat' dir='ltr'>quili-</span> 
     </span>
     <span class='ocr_line' id='line_1_22' title="bbox 227 1454 1849 1506; baseline 0 -13"><span class='ocrx_word' id='word_1_175' title='bbox 227 1455 295 1493; x_wconf 90' lang='lat' dir='ltr'>bet</span> <span class='ocrx_word' id='word_1_176' title='bbox 326 1454 514 1494; x_wconf 83' lang='lat' dir='ltr'>fidelium</span> <span class='ocrx_word' id='word_1_177' title='bbox 545 1460 682 1505; x_wconf 80' lang='lat' dir='ltr'>potest</span> <span class='ocrx_word' id='word_1_178' title='bbox 705 1470 725 1494; x_wconf 88' lang='grc'>))</span> <span class='ocrx_word' id='word_1_179' title='bbox 758 1454 791 1503; x_wconf 72' lang='grc' dir='ltr'>(ἓ</span> <span class='ocrx_word' id='word_1_180' title='bbox 824 1457 876 1503; x_wconf 91' lang='grc'>1),</span> <span class='ocrx_word' id='word_1_181' title='bbox 910 1460 997 1493; x_wconf 85' lang='lat' dir='ltr'>tum</span> <span class='ocrx_word' id='word_1_182' title='bbox 1028 1455 1198 1506; x_wconf 74' lang='lat' dir='ltr'>qua-ndo</span> <span class='ocrx_word' id='word_1_183' title='bbox 1230 1470 1248 1492; x_wconf 88' lang='lat'>«</span> <span class='ocrx_word' id='word_1_184' title='bbox 1274 1454 1477 1506; x_wconf 71' lang='lat' dir='ltr'>obligatio</span> <span class='ocrx_word' id='word_1_185' title='bbox 1511 1454 1849 1494; x_wconf 80' lang='lat' dir='ltr'>denunciationis</span> 
     </span>
     <span class='ocr_line' id='line_1_23' title="bbox 228 1518 1848 1571; baseline 0.001 -13"><span class='ocrx_word' id='word_1_186' title='bbox 228 1525 392 1571; x_wconf 86' lang='lat' dir='ltr'>urget»</span> <span class='ocrx_word' id='word_1_187' title='bbox 420 1518 453 1569; x_wconf 69' lang='grc' dir='ltr'>(ἓ</span> <span class='ocrx_word' id='word_1_188' title='bbox 476 1521 532 1566; x_wconf 72' lang='lat'>2),</span> <span class='ocrx_word' id='word_1_189' title='bbox 561 1519 682 1558; x_wconf 84' lang='lat' dir='ltr'>debet</span> <span class='ocrx_word' id='word_1_190' title='bbox 709 1519 887 1559; x_wconf 81' lang='lat' dir='ltr'>canonis</span> <span class='ocrx_word' id='word_1_191' title='bbox 913 1525 1140 1570; x_wconf 81' lang='lat' dir='ltr'>praecepto</span> <span class='ocrx_word' id='word_1_192' title='bbox 1168 1525 1402 1570; x_wconf 88' lang='lat' dir='ltr'>promotori</span> <span class='ocrx_word' id='word_1_193' title='bbox 1431 1519 1629 1566; x_wconf 84' lang='lat' dir='ltr'>iustitiae,</span> <span class='ocrx_word' id='word_1_194' title='bbox 1655 1533 1708 1558; x_wconf 92' lang='lat' dir='ltr'>eo</span> <span class='ocrx_word' id='word_1_195' title='bbox 1733 1519 1848 1571; x_wconf 88' lang='lat' dir='ltr'>quod</span> 
     </span>
     <span class='ocr_line' id='line_1_24' title="bbox 227 1583 1851 1636; baseline 0.001 -14"><span class='ocrx_word' id='word_1_196' title='bbox 227 1583 298 1623; x_wconf 87' lang='lat' dir='ltr'>illa</span> <span class='ocrx_word' id='word_1_197' title='bbox 330 1583 601 1623; x_wconf 86' lang='lat' dir='ltr'>denunciatio</span> <span class='ocrx_word' id='word_1_198' title='bbox 634 1584 674 1623; x_wconf 93' lang='lat' dir='ltr'>in</span> <span class='ocrx_word' id='word_1_199' title='bbox 707 1583 911 1623; x_wconf 85' lang='lat' dir='ltr'>iudicium</span> <span class='ocrx_word' id='word_1_200' title='bbox 943 1584 994 1623; x_wconf 91' lang='lat' dir='ltr'>ab</span> <span class='ocrx_word' id='word_1_201' title='bbox 1028 1584 1108 1623; x_wconf 89' lang='lat' dir='ltr'>isto</span> <span class='ocrx_word' id='word_1_202' title='bbox 1142 1584 1479 1636; x_wconf 67' lang='lat' dir='ltr'>promovendum</span> <span class='ocrx_word' id='word_1_203' title='bbox 1510 1583 1698 1635; x_wconf 76' lang='lat' dir='ltr'>respicit,</span> <span class='ocrx_word' id='word_1_204' title='bbox 1731 1584 1851 1623; x_wconf 84' lang='lat' dir='ltr'>adiu-</span> 
     </span>
     <span class='ocr_line' id='line_1_25' title="bbox 229 1649 1848 1700; baseline 0.001 -13"><span class='ocrx_word' id='word_1_205' title='bbox 229 1653 384 1696; x_wconf 84' lang='lat' dir='ltr'>menta,</span> <span class='ocrx_word' id='word_1_206' title='bbox 431 1662 539 1700; x_wconf 88' lang='lat' dir='ltr'>quae</span> <span class='ocrx_word' id='word_1_207' title='bbox 586 1649 755 1688; x_wconf 84' lang='lat' dir='ltr'>firmant</span> <span class='ocrx_word' id='word_1_208' title='bbox 800 1649 1169 1688; x_wconf 82' lang='lat' dir='ltr'>denunciationem</span> <span class='ocrx_word' id='word_1_209' title='bbox 1214 1650 1489 1700; x_wconf 70' lang='lat' dir='ltr'>suppeditare</span> <span class='ocrx_word' id='word_1_210' title='bbox 1534 1649 1664 1689; x_wconf 87' lang='lat' dir='ltr'>idest:</span> <span class='ocrx_word' id='word_1_211' title='bbox 1710 1649 1848 1688; x_wconf 86' lang='lat' dir='ltr'>eidem</span> 
     </span>
     <span class='ocr_line' id='line_1_26' title="bbox 228 1713 1849 1765; baseline 0 -13"><span class='ocrx_word' id='word_1_212' title='bbox 228 1713 468 1764; x_wconf 84' lang='lat' dir='ltr'>patefacere</span> <span class='ocrx_word' id='word_1_213' title='bbox 495 1714 549 1752; x_wconf 86' lang='lat' dir='ltr'>ad</span> <span class='ocrx_word' id='word_1_214' title='bbox 576 1714 765 1753; x_wconf 76' lang='lat' dir='ltr'>eiusdem</span> <span class='ocrx_word' id='word_1_215' title='bbox 793 1714 933 1753; x_wconf 76' lang='lat' dir='ltr'>delicti</span> <span class='ocrx_word' id='word_1_216' title='bbox 960 1714 1200 1753; x_wconf 87' lang='lat' dir='ltr'>denunciati</span> <span class='ocrx_word' id='word_1_217' title='bbox 1231 1713 1402 1765; x_wconf 79' lang='lat' dir='ltr'>proprie</span> <span class='ocrx_word' id='word_1_218' title='bbox 1433 1714 1527 1754; x_wconf 70' lang='lat' dir='ltr'>tilis</span> <span class='ocrx_word' id='word_1_219' title='bbox 1553 1714 1849 1764; x_wconf 78' lang='lat' dir='ltr'>probationem</span> 
     </span>
     <span class='ocr_line' id='line_1_27' title="bbox 229 1778 1078 1830; baseline 0 -13"><span class='ocrx_word' id='word_1_220' title='bbox 229 1779 270 1817; x_wconf 91' lang='lat' dir='ltr'>in</span> <span class='ocrx_word' id='word_1_221' title='bbox 300 1778 456 1818; x_wconf 85' lang='lat' dir='ltr'>iudicio</span> <span class='ocrx_word' id='word_1_222' title='bbox 488 1779 748 1830; x_wconf 84' lang='lat' dir='ltr'>perficiendo</span> <span class='ocrx_word' id='word_1_223' title='bbox 776 1778 1078 1818; x_wconf 58' lang='lat' dir='ltr'>necessariam.</span> 
     </span>
    </p>

    <p class='ocr_par' dir='ltr' id='par_1_5' title="bbox 229 1843 1854 2669">
     <span class='ocr_line' id='line_1_28' title="bbox 320 1843 1854 1894; baseline -0.001 -10"><span class='ocrx_word' id='word_1_224' title='bbox 320 1850 428 1884; x_wconf 88' lang='lat'>484.</span> <span class='ocrx_word' id='word_1_225' title='bbox 447 1849 642 1885; x_wconf 83' lang='lat' dir='ltr'>Praevia</span> <span class='ocrx_word' id='word_1_226' title='bbox 666 1849 864 1885; x_wconf 77' lang='lat' dir='ltr'>conditio</span> <span class='ocrx_word' id='word_1_227' title='bbox 891 1849 1121 1884; x_wconf 82' lang='lat' dir='ltr'>cuiusdam</span> <span class='ocrx_word' id='word_1_228' title='bbox 1146 1848 1303 1884; x_wconf 80' lang='lat' dir='ltr'>iudicii</span> <span class='ocrx_word' id='word_1_229' title='bbox 1328 1848 1576 1884; x_wconf 81' lang='lat' dir='ltr'>criminalis</span> <span class='ocrx_word' id='word_1_230' title='bbox 1600 1843 1724 1883; x_wconf 83' lang='lat' dir='ltr'>nobis</span> <span class='ocrx_word' id='word_1_231' title='bbox 1756 1856 1854 1894; x_wconf 86' lang='lat' dir='ltr'>pro-</span> 
     </span>
     <span class='ocr_line' id='line_1_29' title="bbox 230 1908 1854 1961; baseline -0.001 -13"><span class='ocrx_word' id='word_1_232' title='bbox 230 1910 403 1961; x_wconf 81' lang='lat' dir='ltr'>ponitur</span> <span class='ocrx_word' id='word_1_233' title='bbox 429 1910 587 1949; x_wconf 83' lang='lat' dir='ltr'>statim.</span> <span class='ocrx_word' id='word_1_234' title='bbox 621 1910 723 1949; x_wconf 75' lang='lat' dir='ltr'>Can.</span> <span class='ocrx_word' id='word_1_235' title='bbox 759 1909 874 1949; x_wconf 74' lang='lat'><em>1938.</em></span> <span class='ocrx_word' id='word_1_236' title='bbox 907 1910 955 1948; x_wconf 91' lang='lat' dir='ltr'>In</span> <span class='ocrx_word' id='word_1_237' title='bbox 984 1923 1113 1949; x_wconf 70' lang='lat' dir='ltr'>eausa</span> <span class='ocrx_word' id='word_1_238' title='bbox 1143 1909 1201 1949; x_wconf 87' lang='lat' dir='ltr'>sic</span> <span class='ocrx_word' id='word_1_239' title='bbox 1235 1909 1407 1960; x_wconf 89' lang='lat' dir='ltr'>proprie</span> <span class='ocrx_word' id='word_1_240' title='bbox 1435 1909 1547 1948; x_wconf 86' lang='lat' dir='ltr'>dicta</span> <span class='ocrx_word' id='word_1_241' title='bbox 1579 1914 1754 1960; x_wconf 86' lang='lat' dir='ltr'>propter</span> <span class='ocrx_word' id='word_1_242' title='bbox 1781 1908 1854 1948; x_wconf 88' lang='lat' dir='ltr'>de-</span> 
     </span>
     <span class='ocr_line' id='line_1_30' title="bbox 229 1972 1850 2019; baseline -0.001 -6"><span class='ocrx_word' id='word_1_243' title='bbox 229 1974 470 2013; x_wconf 86' lang='lat' dir='ltr'>ductionem</span> <span class='ocrx_word' id='word_1_244' title='bbox 502 1975 553 2013; x_wconf 90' lang='lat' dir='ltr'>ad</span> <span class='ocrx_word' id='word_1_245' title='bbox 581 1974 725 2013; x_wconf 85' lang='lat' dir='ltr'>forum</span> <span class='ocrx_word' id='word_1_246' title='bbox 754 1972 966 2019; x_wconf 83' lang='lat' dir='ltr'>iudiciale,</span> <span class='ocrx_word' id='word_1_247' title='bbox 1001 1973 1250 2013; x_wconf 76' lang='lat' dir='ltr'>iniuriarum</span> <span class='ocrx_word' id='word_1_248' title='bbox 1280 1973 1421 2013; x_wconf 81' lang='lat' dir='ltr'>verbis</span> <span class='ocrx_word' id='word_1_249' title='bbox 1448 1979 1521 2013; x_wconf 85' lang='lat' dir='ltr'>aut</span> <span class='ocrx_word' id='word_1_250' title='bbox 1548 1972 1674 2013; x_wconf 67' lang='lat' dir='ltr'>factis</span> <span class='ocrx_word' id='word_1_251' title='bbox 1703 1978 1850 2012; x_wconf 77' lang='lat' dir='ltr'>contra</span> 
     </span>
     <span class='ocr_line' id='line_1_31' title="bbox 230 2036 1852 2090; baseline 0 -14"><span class='ocrx_word' id='word_1_252' title='bbox 230 2038 295 2078; x_wconf 92' lang='lat' dir='ltr'>ius</span> <span class='ocrx_word' id='word_1_253' title='bbox 329 2038 562 2090; x_wconf 79' lang='lat' dir='ltr'>quodlibet,</span> <span class='ocrx_word' id='word_1_254' title='bbox 599 2038 850 2089; x_wconf 89' lang='lat' dir='ltr'>praesertim</span> <span class='ocrx_word' id='word_1_255' title='bbox 885 2038 935 2077; x_wconf 89' lang='lat' dir='ltr'>ad</span> <span class='ocrx_word' id='word_1_256' title='bbox 970 2039 1189 2085; x_wconf 88' lang='lat' dir='ltr'>honorem,</span> <span class='ocrx_word' id='word_1_257' title='bbox 1227 2051 1333 2089; x_wconf 89' lang='lat' dir='ltr'>quas</span> <span class='ocrx_word' id='word_1_258' title='bbox 1368 2037 1496 2076; x_wconf 88' lang='lat' dir='ltr'>subiit</span> <span class='ocrx_word' id='word_1_259' title='bbox 1531 2050 1713 2088; x_wconf 79' lang='lat' dir='ltr'>persona</span> <span class='ocrx_word' id='word_1_260' title='bbox 1750 2036 1852 2088; x_wconf 84' lang='lat' dir='ltr'>phy-</span> 
     </span>
     <span class='ocr_line' id='line_1_32' title="bbox 231 2101 1852 2154; baseline -0.001 -13"><span class='ocrx_word' id='word_1_261' title='bbox 231 2102 314 2142; x_wconf 81' lang='lat' dir='ltr'>sica</span> <span class='ocrx_word' id='word_1_262' title='bbox 350 2103 413 2142; x_wconf 75' lang='lat' dir='ltr'>vel</span> <span class='ocrx_word' id='word_1_263' title='bbox 449 2103 639 2150; x_wconf 89' lang='lat' dir='ltr'>moralis,</span> <span class='ocrx_word' id='word_1_264' title='bbox 674 2107 744 2141; x_wconf 86' lang='lat' dir='ltr'>aut</span> <span class='ocrx_word' id='word_1_265' title='bbox 777 2101 1080 2154; x_wconf 57' lang='lat' dir='ltr'>diffamationis</span> <span class='ocrx_word' id='word_1_266' title='bbox 1116 2115 1190 2141; x_wconf 86' lang='lat' dir='ltr'>seu</span> <span class='ocrx_word' id='word_1_267' title='bbox 1224 2107 1368 2141; x_wconf 86' lang='lat' dir='ltr'>contra</span> <span class='ocrx_word' id='word_1_268' title='bbox 1402 2101 1468 2141; x_wconf 87' lang='lat' dir='ltr'>ius</span> <span class='ocrx_word' id='word_1_269' title='bbox 1498 2102 1554 2140; x_wconf 80' lang='lat' dir='ltr'>ad</span> <span class='ocrx_word' id='word_1_270' title='bbox 1587 2101 1746 2140; x_wconf 92' lang='lat' dir='ltr'>bonum</span> <span class='ocrx_word' id='word_1_271' title='bbox 1777 2114 1852 2140; x_wconf 91' lang='lat' dir='ltr'>no-</span> 
     </span>
     <span class='ocr_line' id='line_1_33' title="bbox 230 2165 1852 2219; baseline -0.001 -13"><span class='ocrx_word' id='word_1_272' title='bbox 230 2181 339 2215; x_wconf 87' lang='lat' dir='ltr'>men,</span> <span class='ocrx_word' id='word_1_273' title='bbox 373 2181 447 2219; x_wconf 91' lang='lat' dir='ltr'>per</span> <span class='ocrx_word' id='word_1_274' title='bbox 476 2167 733 2207; x_wconf 84' lang='lat' dir='ltr'>calumniam</span> <span class='ocrx_word' id='word_1_275' title='bbox 763 2167 828 2206; x_wconf 91' lang='lat' dir='ltr'>vel</span> <span class='ocrx_word' id='word_1_276' title='bbox 858 2167 993 2206; x_wconf 88' lang='lat' dir='ltr'>solam</span> <span class='ocrx_word' id='word_1_277' title='bbox 1021 2166 1341 2213; x_wconf 85' lang='lat' dir='ltr'>detractionem,</span> <span class='ocrx_word' id='word_1_278' title='bbox 1375 2166 1545 2218; x_wconf 89' lang='lat' dir='ltr'>quando</span> <span class='ocrx_word' id='word_1_279' title='bbox 1576 2171 1751 2217; x_wconf 86' lang='lat' dir='ltr'>propter</span> <span class='ocrx_word' id='word_1_280' title='bbox 1781 2165 1852 2204; x_wconf 88' lang='lat' dir='ltr'>de-</span> 
     </span>
     <span class='ocr_line' id='line_1_34' title="bbox 230 2229 1850 2284; baseline -0.002 -13"><span class='ocrx_word' id='word_1_281' title='bbox 230 2232 387 2279; x_wconf 82' lang='lat' dir='ltr'>lictum,</span> <span class='ocrx_word' id='word_1_282' title='bbox 421 2233 536 2284; x_wconf 86' lang='lat' dir='ltr'>quod</span> <span class='ocrx_word' id='word_1_283' title='bbox 568 2232 648 2271; x_wconf 84' lang='lat' dir='ltr'>erit</span> <span class='ocrx_word' id='word_1_284' title='bbox 684 2232 945 2283; x_wconf 87' lang='lat' dir='ltr'>puniendum</span> <span class='ocrx_word' id='word_1_285' title='bbox 980 2231 1171 2270; x_wconf 83' lang='lat' dir='ltr'>inchoari</span> <span class='ocrx_word' id='word_1_286' title='bbox 1206 2230 1388 2277; x_wconf 83' lang='lat' dir='ltr'>debebit,</span> <span class='ocrx_word' id='word_1_287' title='bbox 1426 2243 1509 2269; x_wconf 90' lang='lat' dir='ltr'>non</span> <span class='ocrx_word' id='word_1_288' title='bbox 1544 2243 1644 2268; x_wconf 73' lang='lat' dir='ltr'>vero</span> <span class='ocrx_word' id='word_1_289' title='bbox 1680 2229 1850 2281; x_wconf 83' lang='lat' dir='ltr'>quando</span> 
     </span>
     <span class='ocr_line' id='line_1_35' title="bbox 229 2293 1848 2343; baseline -0.002 -8"><span class='ocrx_word' id='word_1_290' title='bbox 229 2296 339 2336; x_wconf 82' lang='lat' dir='ltr'>actio</span> <span class='ocrx_word' id='word_1_291' title='bbox 366 2296 627 2336; x_wconf 85' lang='lat' dir='ltr'>contentiosa</span> <span class='ocrx_word' id='word_1_292' title='bbox 652 2302 889 2343; x_wconf 79' lang='lat' dir='ltr'>exercetur,</span> <span class='ocrx_word' id='word_1_293' title='bbox 918 2309 991 2335; x_wconf 89' lang='lat' dir='ltr'>seu</span> <span class='ocrx_word' id='word_1_294' title='bbox 1018 2295 1132 2335; x_wconf 80' lang='lat' dir='ltr'>iuxta</span> <span class='ocrx_word' id='word_1_295' title='bbox 1163 2308 1368 2334; x_wconf 89' lang='lat' dir='ltr'>canonem</span> <span class='ocrx_word' id='word_1_296' title='bbox 1395 2300 1435 2334; x_wconf 86' lang='lat' dir='ltr'>ut</span> <span class='ocrx_word' id='word_1_297' title='bbox 1464 2295 1572 2334; x_wconf 81' lang='lat' dir='ltr'>aelio</span> <span class='ocrx_word' id='word_1_298' title='bbox 1600 2293 1848 2340; x_wconf 79' lang='lat' dir='ltr'>criminalis,</span> 
     </span>
     <span class='ocr_line' id='line_1_36' title="bbox 230 2358 1852 2412; baseline -0.002 -13"><span class='ocrx_word' id='word_1_299' title='bbox 230 2375 337 2412; x_wconf 85' lang='lat' dir='ltr'>quae</span> <span class='ocrx_word' id='word_1_300' title='bbox 372 2362 423 2400; x_wconf 87' lang='lat' dir='ltr'>ad</span> <span class='ocrx_word' id='word_1_301' title='bbox 459 2361 722 2412; x_wconf 84' lang='lat' dir='ltr'>punitionem</span> <span class='ocrx_word' id='word_1_302' title='bbox 754 2361 819 2400; x_wconf 76' lang='lat' dir='ltr'>vel</span> <span class='ocrx_word' id='word_1_303' title='bbox 850 2360 1183 2400; x_wconf 85' lang='lat' dir='ltr'>declarationem</span> <span class='ocrx_word' id='word_1_304' title='bbox 1217 2373 1379 2411; x_wconf 80' lang='lat' dir='ltr'>poenae</span> <span class='ocrx_word' id='word_1_305' title='bbox 1414 2360 1624 2406; x_wconf 88' lang='lat' dir='ltr'>incursae,</span> <span class='ocrx_word' id='word_1_306' title='bbox 1663 2358 1852 2398; x_wconf 81' lang='lat' dir='ltr'>institua—</span> 
     </span>
     <span class='ocr_line' id='line_1_37' title="bbox 231 2423 1852 2477; baseline -0.001 -14"><span class='ocrx_word' id='word_1_307' title='bbox 231 2430 310 2472; x_wconf 75' lang='lat' dir='ltr'>tur,</span> <span class='ocrx_word' id='word_1_308' title='bbox 344 2432 565 2465; x_wconf 79' lang='lat' dir='ltr'>exercente</span> <span class='ocrx_word' id='word_1_309' title='bbox 600 2426 666 2465; x_wconf 83' lang='lat' dir='ltr'>ius</span> <span class='ocrx_word' id='word_1_310' title='bbox 698 2425 981 2477; x_wconf 65' lang='lat' dir='ltr'>persequendi</span> <span class='ocrx_word' id='word_1_311' title='bbox 1013 2425 1166 2464; x_wconf 86' lang='lat' dir='ltr'>delicta</span> <span class='ocrx_word' id='word_1_312' title='bbox 1202 2429 1445 2476; x_wconf 75' lang='lat' dir='ltr'>promotore</span> <span class='ocrx_word' id='word_1_313' title='bbox 1480 2423 1678 2470; x_wconf 80' lang='lat' dir='ltr'>iustitiae,</span> <span class='ocrx_word' id='word_1_314' title='bbox 1713 2423 1852 2474; x_wconf 82' lang='lat' dir='ltr'>requi-</span> 
     </span>
     <span class='ocr_line' id='line_1_38' title="bbox 232 2487 1849 2540; baseline -0.001 -13"><span class='ocrx_word' id='word_1_315' title='bbox 232 2494 348 2528; x_wconf 78' lang='lat' dir='ltr'>ratur·</span> <span class='ocrx_word' id='word_1_316' title='bbox 377 2491 549 2540; x_wconf 71' lang='lat' dir='ltr'>praevia</span> <span class='ocrx_word' id='word_1_317' title='bbox 582 2496 621 2540; x_wconf 88' lang='lat' dir='ltr'>a)</span> <span class='ocrx_word' id='word_1_318' title='bbox 653 2490 865 2530; x_wconf 82' lang='lat' dir='ltr'>iudicialis</span> <span class='ocrx_word' id='word_1_319' title='bbox 897 2489 1165 2529; x_wconf 73' lang='lat' dir='ltr'>denunciatio</span> <span class='ocrx_word' id='word_1_320' title='bbox 1198 2489 1347 2528; x_wconf 79' lang='lat' dir='ltr'>saltem</span> <span class='ocrx_word' id='word_1_321' title='bbox 1378 2489 1517 2528; x_wconf 88' lang='lat' dir='ltr'>studio</span> <span class='ocrx_word' id='word_1_322' title='bbox 1549 2487 1747 2536; x_wconf 83' lang='lat' dir='ltr'>iustitiae,</span> <span class='ocrx_word' id='word_1_323' title='bbox 1780 2491 1849 2527; x_wconf 86' lang='lat' dir='ltr'>aut</span> 
     </span>
     <span class='ocr_line' id='line_1_39' title="bbox 232 2551 1851 2604; baseline -0.001 -13"><span class='ocrx_word' id='word_1_324' title='bbox 232 2554 405 2603; x_wconf 72' lang='lat' dir='ltr'>querela</span> <span class='ocrx_word' id='word_1_325' title='bbox 441 2555 573 2604; x_wconf 79' lang='lat' dir='ltr'>partis</span> <span class='ocrx_word' id='word_1_326' title='bbox 613 2554 752 2594; x_wconf 76' lang='lat' dir='ltr'>laesae</span> <span class='ocrx_word' id='word_1_327' title='bbox 792 2554 1020 2594; x_wconf 86' lang='lat' dir='ltr'>Ordinario</span> <span class='ocrx_word' id='word_1_328' title='bbox 1060 2559 1253 2604; x_wconf 88' lang='lat' dir='ltr'>porrecta</span> <span class='ocrx_word' id='word_1_329' title='bbox 1289 2553 1344 2592; x_wconf 85' lang='lat' dir='ltr'>ad</span> <span class='ocrx_word' id='word_1_330' title='bbox 1379 2551 1710 2604; x_wconf 78' lang='lat' dir='ltr'>reparationem,</span> <span class='ocrx_word' id='word_1_331' title='bbox 1751 2551 1851 2603; x_wconf 90' lang='lat' dir='ltr'>quin</span> 
     </span>
     <span class='ocr_line' id='line_1_40' title="bbox 230 2617 1066 2669; baseline -0.001 -12"><span class='ocrx_word' id='word_1_332' title='bbox 230 2617 442 2657; x_wconf 84' lang='lat' dir='ltr'>actionem</span> <span class='ocrx_word' id='word_1_333' title='bbox 470 2618 775 2657; x_wconf 82' lang='lat' dir='ltr'>contentiosam</span> <span class='ocrx_word' id='word_1_334' title='bbox 805 2623 1066 2669; x_wconf 85' lang='lat' dir='ltr'>promoveat.</span> 
     </span>
    </p>

    <p class='ocr_par' dir='ltr' id='par_1_6' title="bbox 232 2680 1853 2862">
     <span class='ocr_line' id='line_1_41' title="bbox 341 2680 1853 2734; baseline -0.002 -14"><span class='ocrx_word' id='word_1_335' title='bbox 341 2682 520 2721; x_wconf 77' lang='lat' dir='ltr'>Additur</span> <span class='ocrx_word' id='word_1_336' title='bbox 552 2682 745 2732; x_wconf 84' lang='lat' dir='ltr'>exceptio</span> <span class='ocrx_word' id='word_1_337' title='bbox 777 2682 892 2721; x_wconf 86' lang='lat' dir='ltr'>illius</span> <span class='ocrx_word' id='word_1_338' title='bbox 926 2681 1139 2734; x_wconf 86' lang='lat' dir='ltr'>generalis</span> <span class='ocrx_word' id='word_1_339' title='bbox 1170 2694 1359 2720; x_wconf 78' lang='lat' dir='ltr'>normae.</span> <span class='ocrx_word' id='word_1_340' title='bbox 1395 2680 1412 2724; x_wconf 72' lang='grc' dir='ltr'>ἓ</span> <span class='ocrx_word' id='word_1_341' title='bbox 1443 2682 1479 2719; x_wconf 74' lang='lat'>2.</span> <span class='ocrx_word' id='word_1_342' title='bbox 1518 2680 1602 2719; x_wconf 78' lang='lat' dir='ltr'>Sed</span> <span class='ocrx_word' id='word_1_343' title='bbox 1635 2680 1671 2720; x_wconf 84' lang='lat' dir='ltr'>si</span> <span class='ocrx_word' id='word_1_344' title='bbox 1700 2682 1853 2730; x_wconf 70' lang='lat' dir='ltr'>ayatur</span> 
     </span>
     <span class='ocr_line' id='line_1_42' title="bbox 232 2744 1852 2798; baseline -0.001 -13"><span class='ocrx_word' id='word_1_345' title='bbox 232 2750 275 2795; x_wconf 79' lang='lat' dir='ltr'>a)</span> <span class='ocrx_word' id='word_1_346' title='bbox 304 2747 353 2785; x_wconf 78' lang='lat' dir='ltr'>(le</span> <span class='ocrx_word' id='word_1_347' title='bbox 382 2745 534 2785; x_wconf 77' lang='lat' dir='ltr'>iniuria</span> <span class='ocrx_word' id='word_1_348' title='bbox 560 2750 629 2785; x_wconf 82' lang='lat' dir='ltr'>aut</span> <span class='ocrx_word' id='word_1_349' title='bbox 657 2746 962 2798; x_wconf 53' lang='lat' dir='ltr'>diffamatione,</span> <span class='ocrx_word' id='word_1_350' title='bbox 992 2751 1034 2785; x_wconf 93' lang='lat' dir='ltr'>ut</span> <span class='ocrx_word' id='word_1_351' title='bbox 1063 2759 1207 2798; x_wconf 78' lang='lat' dir='ltr'>supra,</span> <span class='ocrx_word' id='word_1_352' title='bbox 1237 2746 1280 2795; x_wconf 93' lang='lat' dir='ltr'>b)</span> <span class='ocrx_word' id='word_1_353' title='bbox 1308 2759 1428 2797; x_wconf 67' lang='lat' dir='ltr'>gravi</span> <span class='ocrx_word' id='word_1_354' title='bbox 1456 2744 1646 2792; x_wconf 80' lang='lat' dir='ltr'>iuridice,</span> <span class='ocrx_word' id='word_1_355' title='bbox 1679 2749 1852 2795; x_wconf 77' lang='lat' dir='ltr'>propter</span> 
     </span>
     <span class='ocr_line' id='line_1_43' title="bbox 235 2808 1853 2862; baseline -0.001 -13"><span class='ocrx_word' id='word_1_356' title='bbox 235 2810 495 2849; x_wconf 83' lang='lat' dir='ltr'>sanctionem</span> <span class='ocrx_word' id='word_1_357' title='bbox 527 2809 717 2852; x_wconf 79' lang='lat' dir='ltr'>canonis,</span> <span class='ocrx_word' id='word_1_358' title='bbox 750 2818 882 2862; x_wconf 85' lang='lat' dir='ltr'>quam·</span> <span class='ocrx_word' id='word_1_359' title='bbox 907 2816 1132 2857; x_wconf 82' lang='lat' dir='ltr'>mereatur,</span> <span class='ocrx_word' id='word_1_360' title='bbox 1166 2818 1203 2860; x_wconf 89' lang='lat' dir='ltr'>c)</span> <span class='ocrx_word' id='word_1_361' title='bbox 1235 2809 1388 2850; x_wconf 81' lang='lat' dir='ltr'>elerico</span> <span class='ocrx_word' id='word_1_362' title='bbox 1423 2815 1640 2861; x_wconf 88' lang='lat' dir='ltr'>«propter</span> <span class='ocrx_word' id='word_1_363' title='bbox 1671 2808 1853 2861; x_wconf 86' lang='lat' dir='ltr'>primam</span> 
     </span>
    </p>
   </div>
   <div class='ocr_carea' id='block_1_3' title="bbox 219 0 1914 84">
    <p class='ocr_par' dir='ltr' id='par_1_7' title="bbox 219 0 1914 84">
     <span class='ocr_line' id='line_1_44' title="bbox 219 0 1914 84; baseline 0.005 -9"><span class='ocrx_word' id='word_1_364' title='bbox 219 42 289 75; x_wconf 82' lang='lat'>458</span> <span class='ocrx_word' id='word_1_365' title='bbox 671 43 760 78; x_wconf 78' lang='lat' dir='ltr'>Liss.</span> <span class='ocrx_word' id='word_1_366' title='bbox 790 45 857 79; x_wconf 84' lang='lat' dir='ltr'>IV.</span> <span class='ocrx_word' id='word_1_367' title='bbox 886 65 899 70; x_wconf 95' lang='lat'>-</span> <span class='ocrx_word' id='word_1_368' title='bbox 926 45 1036 80; x_wconf 73' lang='lat' dir='ltr'><strong>PARS</strong></span> <span class='ocrx_word' id='word_1_369' title='bbox 1063 46 1094 79; x_wconf 89' lang='grc' dir='ltr'>Ι.</span> <span class='ocrx_word' id='word_1_370' title='bbox 1123 65 1136 71; x_wconf 86' lang='grc'><strong>-</strong></span> <span class='ocrx_word' id='word_1_371' title='bbox 1163 46 1221 80; x_wconf 83' lang='lat' dir='ltr'>De</span> <span class='ocrx_word' id='word_1_372' title='bbox 1243 47 1402 82; x_wconf 61' lang='lat' dir='ltr'>iudiciis</span> <span class='ocrx_word' id='word_1_373' title='bbox 1522 47 1618 82; x_wconf 84' lang='lat' dir='ltr'>Can.</span> <span class='ocrx_word' id='word_1_374' title='bbox 1647 49 1853 84; x_wconf 75' lang='lat'>1937-1938</span> <span class='ocrx_word' id='word_1_375' title='bbox 1898 0 1914 39; x_wconf 50' lang='grc'>1</span> 
     </span>
    </p>
   </div>
  </div>
 </body>
</html>
