1914 3083
209 113 282 146 450
674 112 764 147 Lm.
793 111 860 145 IV.
889 131 902 136 -
929 111 1037 145 PARS
1064 111 1094 145 Ι.
1124 131 1137 136 -
1164 111 1223 146 De
1248 111 1404 146 iudiciis
1627 112 1719 147 Can.
1746 113 1840 148 1931

211 235 249 269 et
279 229 359 269 hoc
391 229 562 268 vetitum
597 228 969 279 comprehenditur
999 229 1142 280 quoad
1174 228 1566 269 excommunicatos
1599 243 1692 269 can.
1728 231 1833 270 2263

209 299 440 332 statuente:
484 307 503 330 «
528 297 766 332 removetur
803 291 1196 332 excommunicatus
1235 293 1286 333 ab
1327 293 1490 333 actibus
1529 293 1730 346 legitimis
1764 307 1836 334 ec-

215 356 465 396 clesiasticis
491 356 596 395 intra
625 356 731 395 fines
758 355 847 395 suis
873 355 914 394 in
941 355 1047 396 10010
1074 356 1164 396 iure
1189 355 1389 396 definitos
1411 371 1448 404 )›‚
1478 357 1530 396 ad
1558 357 1740 398 infames
1765 371 1836 397 ve-

213 434 258 459 ro
282 421 395 471 quod
422 420 565 459 attinet
591 433 682 459 can.
710 421 812 459 2294
837 418 854 463 ἓ
881 423 898 459 1
921 419 1084 461 aiente:
1114 435 1134 459 «
1158 420 1239 470 Qui
1265 420 1439 460 infamia
1466 421 1571 461 iuris
1596 421 1830 469 laborat‚...

212 485 384 535 insuper
409 490 474 523 est
501 483 750 524 inhabilis...
783 485 877 535 (sub
906 484 1147 525 conditione
1177 485 1439 536 supradicta)
1469 486 1521 525 ad
1551 492 1668 526 actus
1696 476 1836 539 legiti-

214 561 303 588 [nos
331 548 647 587 ecclesiasticos
680 548 964 599 perficiendos
987 562 1023 587 ».

315 611 518 651 Clau-sula
549 611 690 651 finalis
719 612 759 650 in
790 625 950 651 canone
981 612 1134 663 posita,
1166 625 1294 664 quam
1321 626 1374 653 ex
1405 618 1601 653 contextu
1631 627 1714 654 non
1742 613 1833 654 affi-

211 677 263 716 cit
290 677 480 716 clausula
509 677 680 716 irritans
703 683 791 717 est:
822 676 1014 729 reli9iosi
1043 690 1156 721 rero,
1186 677 1316 718 idest:
1348 678 1463 730 «qui
1490 684 1585 717 vota
1614 691 1835 730 nuncupa-

210 747 303 780 runt
335 742 377 780 in
408 741 548 793 aliqua
582 742 833 793 religione»
867 743 976 791 (can.
1012 744 1103 789 488,
1138 744 1195 791 7⁰)
1228 756 1379 781 munus
1413 742 1563 782 arbitri
1593 755 1725 794 supra
1757 743 1835 783 de-

209 805 353 845 clarati
387 820 437 844 ne
471 806 719 855 suscipiant,
755 811 795 845 ut
829 805 1187 856 compromissum
1219 805 1510 857 inscriptionis
1542 806 1719 858 requirit
1750 820 1833 859 pro

207 869 398 908 eiusdem
432 869 486 915 vi,
524 870 614 908 sine
651 869 769 908 venia
805 869 1066 919 Superioris7
1104 883 1211 921 quae
1250 869 1477 909 obtinenda
1510 876 1623 910 esset
1660 870 1832 922 praevie

210 939 333 985 atque
361 946 382 972 a
415 932 643 983 Sapei-iore
672 933 795 972 locali
827 932 1050 981 sufficeret,
1080 933 1160 973 nisi
1190 933 1524 974 Constitutiones
1550 934 1733 975 alterum
1758 935 1834 974 de-

209 998 373 1049 signent
401 998 645 1037 adeundum
675 1011 752 1048 pro
780 997 859 1036 hac
887 1010 947 1044 re,
979 1003 1021 1036 ut
1047 997 1240 1049 sequitur
1266 1012 1319 1038 ex
1349 1012 1440 1037 can.
1473 1001 1564 1038 489.

297 1069 405 1103 4⁷5.
443 1067 688 1103 Deficiente
714 1067 1080 1103 contendentium
1105 1078 1334 1109 consensu,
1373 1076 1457 1115 quo
1488 1063 1616 1102 modo
1644 1063 1701 1103 sit
1732 1076 1834 1103 con—

207 1128 410 1167 troversia
450 1127 633 1166 finienda
673 1141 817 1167 coram
856 1127 1046 1166 Ecclesia
1085 1127 1267 1167 ostendit
1305 1141 1396 1167 can.
1441 1128 1541 1166 1932
1578 1127 1738 1168 dicens.
1782 1128 1829 1168 Si·

209 1195 248 1241 a)
281 1206 354 1231 nec
388 1193 428 1231 in
460 1192 787 1231 transactionem
820 1197 945 1243 prout
976 1191 1018 1230 in
1050 1205 1143 1243 cap.
1178 1192 1195 1231 I
1224 1197 1265 1231 et
1295 1205 1390 1231 cum
1419 1192 1570 1231 effectu
1602 1192 1646 1242 1))
1679 1205 1753 1232 nec
1788 1192 1828 1231 in

205 1256 561 1306 compromissum
598 1257 635 1295 in
672 1256 854 1295 arbitros
893 1256 956 1295 vel
989 1256 1264 1296 arbitraiores
1299 1256 1354 1295 ad
1388 1269 1582 1295 normam
1618 1269 1828 1296 canonum

205 1321 355 1372 capitis
393 1321 429 1360 II
467 1325 610 1371 parles
646 1320 810 1359 ratione
848 1320 1162 1359 controversiae
1198 1320 1437 1359 consentire
1477 1320 1617 1367 velint,
1656 1320 1829 1372 quando

206 1398 355 1435 nempe
380 1389 573 1435 pos-sunt,
599 1384 664 1423 vel
690 1384 731 1423 in
756 1383 926 1423 casibus
951 1383 1002 1423 ab
1027 1383 1098 1423 illa
1124 1384 1188 1422 vel
1213 1384 1293 1423 1100
1315 1383 1520 1436 exceptis;
1546 1383 1647 1435 quia
1672 1396 1829 1423 sensus

205 1448 460 1489 conditionis
490 1454 576 1488 est:
615 1448 693 1487 «si
726 1448 958 1488 transactio
989 1453 1063 1488 aut
1099 1448 1499 1500 compromissum»
1532 1448 1827 1499 supradictum

205 1513 242 1552 in
280 1513 445 1565 praxim
481 1526 565 1554 non
600 1513 823 1564 prodeant,
860 1512 1151 1552 controversia
1187 1513 1239 1552 ob
1278 1512 1488 1552 defectum
1524 1512 1700 1552 alterius
1733 1512 1828 1552 viae

202 1577 439 1616 dirimenda
465 1577 557 1625 erit,
586 1582 711 1628 prout
736 1577 913 1629 requirit
940 1589 1024 1627 pax
1049 1576 1240 1616 fidelium
1262 1576 1415 1616 saltem
1440 1576 1611 1616 illorum
1637 1590 1714 1628 per
1738 1575 1826 1627 for-

203 1643 310 1681 male
342 1642 471 1681 idest:
507 1641 685 1681 servatis
716 1640 909 1681 iuridicis
939 1641 1101 1692 regulis
1134 1641 1335 1680 iudicium
1365 1640 1563 1693 equidem
1596 1640 1829 1680 contentio-

200 1718 311 1752 sum,
344 1704 443 1756 quia
470 1705 523 1744 de
554 1705 634 1744 isto
660 1705 802 1744 00111111
834 1704 874 1743 111
903 1704 981 1744 1100
1012 1704 1153 1744 Titulo
1180 1710 1245 1744 est
1274 1710 1512 1752 tractatum,
1544 1705 1599 1744 ad
1631 1717 1823 1744 normam

204 1768 411 1808 Sectionis
436 1769 606 1807 Primae
633 1770 710 1808 sub
736 1769 815 1808 hoc
843 1768 971 1808 Libro
996 1774 1162 1820 quarto,
1192 1768 1289 1821 quia
1316 1769 1420 1808 haec
1445 1768 1691 1809 inscribitur
1717 1782 1738 1808 (1
1762 1768 1826 1808 De

204 1832 370 1873 iudiciis
393 1847 429 1880 »‚
453 1838 493 1872 et
516 1832 572 1872 1111
597 1833 770 1884 regulae
797 1833 1013 1884 praefatae
1039 1833 1161 1883 plene
1184 1833 1423 1879 traduntur,
1451 1832 1557 1872 sicut
1581 1833 1718 1872 visum
1741 1838 1822 1872 est.

790 2004 1072 2047 TITULUS
1106 2005 1245 2047 XIX.

671 2114 750 2156 De
782 2114 998 2156 iudicio
1042 2114 1350 2156 criminali.

242 2241 342 2275 CAN.
374 2243 477 2276 1933.
512 2262 525 2267 -
557 2246 573 2284 ς»
602 2245 633 2276 1.
677 2242 838 2277 Delicta
876 2253 978 2286 quae
1039 2253 1132 2276 reus
1157 2241 1287 2276 laicus
1313 2246 1375 2276 est
1417 2245 1459 2276 et
1505 2241 1643 2276 civilis
1681 2242 1827 2287 magis-

197 2289 348 2322 cadunt
374 2289 447 2322 sub
474 2289 676 2324 criminali
704 2289 858 2324 iudicio
885 2293 979 2324 sunt
1043 2294 1183 2331 traam,
1237 2289 1279 2323 in
1322 2300 1432 2323 reum
1477 2289 1825 2333 animadvertens,

195 2335 344 2370 delicta
373 2336 549 2379 publica.
1042 2337 1206 2382 publico
1232 2337 1338 2371 bono
1364 2336 1463 2371 satis
1490 2336 1678 2371 consulit.

241 2386 256 2424 ᾗ
283 2384 317 2417 2.
340 2384 610 2427 Excipiuntur
630 2383 782 2418 delicta
800 2385 978 2429 111001011-
1089 2388 1105 2426 1
1130 2385 1166 2418 4.
1196 2384 1468 2427 Poenitentia,
1489 2384 1712 2418 remedium
1731 2395 1826 2428 poe—

195 2429 245 2463 da
263 2430 542 2465 sanctionibus
557 2432 797 2475 poenalibus
823 2432 873 2466 de
892 2432 978 2476 qui·
1041 2432 1145 2476 nale,
1176 2431 1551 2475 excommunicatio,
1596 2431 1823 2476 suspensio,

197 2477 271 2511 bus
298 2478 339 2511 in
367 2489 454 2511 can.
484 2479 703 2513 2165-2194.
1041 2479 1321 2521 interdictum,
1366 2479 1583 2513 dummodo
1626 2478 1820 2513 delictum

240 2528 255 2565 ᾗ
282 2525 315 2558 3.
347 2525 393 2558 111
421 2525 584 2559 delictis
610 2526 728 2560 mixti
758 2526 834 2560 fori
863 2526 978 2560 Ordi-
1041 2530 1194 2561 certum
1206 2526 1273 2571 sit,
1288 2526 1418 2571 infligi
1430 2530 1599 2571 possunt
1612 2526 1736 2561 etiam
1751 2537 1826 2570 per

194 2571 295 2605 narii
324 2573 566 2616 regulariter
585 2584 633 2607 ne
653 2574 874 2617 procedant
889 2585 977 2608 euin
1040 2575 1203 2609 modum
1230 2574 1435 2619 praecepti
1463 2578 1576 2608 extra
1606 2573 1821 2608 iudicium.

287 2673 347 2707 4⁷
355 2673 395 2708 6.
421 2673 666 2717 Inscriptio
686 2674 830 2709 'rituli
848 2685 899 2710 ac
917 2675 1139 2710 relativus
1158 2674 1447 2720 inscriptioni
1465 2684 1618 2710 canon.
1635 2693 1682 2701 —
1702 2669 1819 2709 Inter

198 2731 366 2777 iudicia,
392 2744 499 2782 quae
524 2732 761 2783 peculiares
784 2732 864 2772 sibi
888 2746 1060 2773 normas
1080 2733 1354 2784 >expostulant
1375 2747 1428 2772 ex
1452 2733 1623 2772 illorum
1646 2737 1814 2778 natum,

195 2794 347 2834 eminet
384 2794 585 2834 iudiciuin
624 2795 856 2843 criminale,
899 2796 1036 2847 primo
1075 2797 1174 2848 quia
1213 2810 1287 2848 per
1326 2797 1429 2836 illud
1465 2796 1737 2847 applicantur
1771 2801 1811 2835 et

199 2864 398 2910 urgentur
428 2872 612 2898 canones
641 2860 813 2898 maximi
845 2860 1060 2907 momenti,
1091 2861 1161 2912 qui
1192 2861 1269 2900 sub
1300 2861 1428 2900 Libro
1457 2860 1619 2912 quinto,
1650 2865 1693 2899 ut
1722 2859 1816 2911 plu-
