1914 3083
160 90 230 123 462
610 90 698 126 Lm.
725 90 792 123 IV.
821 109 834 114 -
861 90 969 124 PARS
996 90 1026 124 Ι.
1055 110 1069 115 -
1095 90 1154 125 De
1178 90 1335 125 iudiciis
1578 92 1670 126 Can.
1697 93 1791 128 1939

166 223 314 249 sumus
350 215 444 248 ante
483 222 712 259 processus
749 208 982 248 criminalis
1021 209 1333 250 inchoationem
1367 217 1409 250 et
1444 211 1538 251 eius
1576 212 1786 252 obiectum

164 273 379 312 evidenter
430 272 643 323 praecedit
693 273 986 312 «sententiam
1034 273 1187 313 iudicis
1235 275 1556 325 competentis»
1601 282 1643 316 et
1691 290 1788 316 con-

165 337 396 376 fessionem
430 336 714 388 delinquentis
748 336 787 374 in
823 336 980 376 iudicio
1013 337 1183 377 factam.
1221 338 1453 389 Propterea
1485 338 1548 379 ¹sic
1582 339 1788 392 interpre-

166 407 303 440 tamur
335 400 645 451 praescriptum
676 400 692 444 ἓ
725 403 758 439 1.
792 401 839 440 δι’
868 401 1068 441 delictum
1098 402 1271 455 proprie
1299 403 1460 443 dictum
1492 407 1532 454 a)
1564 419 1638 444 nec
1669 409 1787 445 noto-

166 467 275 505 rium
312 466 379 507 sil,
420 480 439 503 «
462 465 712 504 notorietate
750 465 849 504 facti
872 480 909 513 »,
947 479 998 505 eo
1032 467 1149 518 quod
1188 480 1264 506 nec
1302 468 1514 519 «publice
1552 475 1697 509 notum
1732 470 1788 509 sit.

169 544 240 569 nec
278 530 316 569 in
353 529 507 569 talibus
541 530 750 570 adiunctis
785 531 1075 574 commissum,
1112 537 1155 571 ut
1190 532 1306 572 nulla
1343 533 1690 585 tergiversatione
1722 548 1790 574 ce-

168 595 245 634 lari
290 595 491 647 nulloque
533 595 638 635 iuris
678 595 890 647 suffragio
930 596 1127 636 excusari
1172 597 1350 647 possit»
1394 599 1505 649 (can.
1550 600 1668 646 2197,
1712 601 1787 650 3⁰),

168 660 210 710 b)
250 673 324 699 nec
363 660 534 699 omnino
574 664 734 699 certum
774 660 925 699 morali
962 660 1136 712 quidem
1176 661 1424 701 certitudine
1465 662 1790 713 probationibus

170 723 358 764 relativis
388 725 440 764 ad
474 724 730 775 procedendi
762 725 935 764 modum
965 725 1126 772 fulcita,
1159 725 1238 765 hoc
1270 725 1468 776 primum,
1502 727 1612 766 unde
1642 740 1664 766 e
1695 740 1792 768 con-

169 789 301 828 trario
333 789 524 841 arguitur
555 803 639 841 quo
670 789 706 829 si
738 789 989 829 disiunctive
1018 790 1083 829 vel
1113 790 1315 830 delictum
1344 791 1401 831 sit
1430 791 1643 832 notorium
1671 798 1793 832 {noto-

169 853 316 893 rietate
349 853 463 901 facti,
499 854 564 893 vel
593 853 706 893 'alias
739 853 910 893 omnino
945 859 1119 901 certum,
1156 868 1239 893 non
1273 854 1386 907 viget
1420 868 1604 907 sequens
1637 856 1677 896 in
1711 857 1791 897 hoc

173 932 332 957 canone
376 918 688 970 praescriptum
730 919 780 958 de
825 917 1114 970 inquisitione,
1159 919 1233 959 sed
1277 920 1329 959 ad
1372 919 1574 960 ulteriora
1619 921 1793 972 procedi

176 988 312 1033 potest
341 983 556 1035 puniendo
582 983 783 1034 legitime.
1446 1019 1449 1021 .

280 1047 325 1085 In
358 1060 451 1097 cap.
489 1061 556 1086 un.
591 1062 610 1085 «
634 1053 677 1086 ut
705 1047 995 1087 ecclesiastica
1027 1048 1232 1088 beneficia
1263 1048 1355 1088 sine
1385 1049 1666 1090 diminutione
1695 1064 1797 1090 con-

173 1112 363 1150 serantur
385 1127 405 1151 »
436 1112 531 1162 (III,
564 1113 630 1162 12)
658 1111 688 1150 Χ
719 1112 863 1152 Innoc.
897 1113 957 1152 III
988 1112 1067 1152 ait:
1103 1112 1399 1164 «praesertim
1428 1127 1524 1154 cum
1550 1114 1660 1154 ratio
1690 1115 1796 1155 assi-

174 1177 341 1229 gnanda
383 1177 531 1216 debeat
569 1190 666 1216 esse
706 1176 891 1229 posteris
931 1177 1170 1228 profutura.
1214 1178 1263 1217 Et
1303 1177 1429 1218 infra.
1473 1178 1523 1218 Et
1562 1179 1658 1219 ideo
1695 1193 1793 1227 nos,

175 1241 245 1293 qui
273 1254 355 1280 non
385 1246 469 1280 tam
495 1255 549 1280 ex
578 1240 838 1292 plenitudine
866 1241 1103 1293 potestatis,
1134 1255 1262 1294 quam
1289 1255 1343 1282 ex
1373 1242 1497 1283 officii
1527 1243 1669 1284 debito
1698 1257 1797 1295 pos—

176 1318 322 1345 sumus
347 1311 388 1345 et
415 1306 636 1353 debemus,
663 1305 717 1345 de
743 1305 1014 1346 >subditorum
1039 1306 1290 1348 excessibus
1316 1307 1371 1346 ad
1402 1307 1708 1348 correctionem
1737 1307 1799 1348 in-

175 1370 343 1423 quirere
379 1370 612 1417 veritatem,
650 1376 689 1410 te
726 1370 909 1410 maxime
947 1384 1120 1411 causam
1154 1376 1196 1411 et
1232 1371 1501 1412 occasionem
1538 1377 1796 1424 praestante,

177 1435 494 1487 inquisitionem
528 1436 819 1475 commisimus
850 1435 1150 1476 faciendam».

285 1499 375 1539 Hac
413 1499 548 1539 fretus
585 1499 748 1539 ratione
787 1500 1008 1552 legislator
1048 1500 1184 1551 potuit
1219 1500 1283 1540 sic
1324 1501 1527 1553 prosequi
1565 1514 1797 1541 canonem:

177 1564 252 1603 sed
289 1564 530 1603 «delictum
553 1580 573 1603 »
613 1565 838 1604 innotuerit
878 1564 917 1604 id
954 1570 1039 1604 est:
1081 1564 1132 1604 ad
1173 1564 1362 1604 notitiam
1399 1565 1616 1606 Ordinarii
1654 1578 1801 1618 perve-

180 1628 285 1667 nerit
314 1628 554 1680 aliqualiter
586 1632 626 1677 a)
658 1629 744 1669 siue
775 1643 826 1668 cac
856 1642 1041 1676 rumore,
1074 1628 1245 1681 quan-do
1277 1629 1423 1680 plures
1453 1629 1626 1669 relative
1654 1629 1710 1669 ad
1741 1629 1802 1669 lo-

179 1707 274 1732 cum
314 1693 378 1732 vel
419 1693 764 1733 communitatem
804 1693 1035 1745 loquuntur
1077 1694 1126 1733 de
1170 1694 1357 1746 quodam
1397 1693 1551 1734 delicto
1594 1694 1801 1745 imputato

181 1764 317 1798 certae
361 1772 585 1809 personae,
629 1763 665 1798 ct
706 1758 833 1798 simul
877 1760 1069 1809 (propter
1112 1758 1288 1798 canonis
1330 1762 1588 1809 contextum)
1631 1759 1801 1810 publicu

178 1822 308 1873 sama,
354 1836 482 1875 quam
527 1836 785 1875 cognoscere
829 1836 1059 1874 possumus
1098 1837 1153 1863 ex
1193 1823 1472 1876 sequentibus
1517 1823 1802 1864 Decretalium

178 1887 378 1935 textibus,
403 1888 447 1937 b)
467 1888 555 1927 sice
579 1902 630 1927 esc
650 1887 976 1928 denunciatione
999 1888 1147 1928 forsan
1167 1888 1311 1928 studio
1335 1888 1518 1928 iustitiae
1542 1889 1607 1928 vel
1631 1889 1802 1940 quando

181 1952 385 2004 obligatio
422 1958 543 2005 urget
579 1953 690 1992 facta
724 1952 780 1992 ad
818 1966 1012 1993 normam
1049 1967 1141 1993 can.
1185 1956 1299 2000 1935,
1340 1956 1377 2004 c)
1415 1954 1503 1993 sive
1541 1968 1593 1993 επ
1629 1955 1802 2004 querela

183 2016 325 2056 damini
352 2016 509 2056 ibidem
535 2015 552 2060 ἓ
582 2019 599 2056 1
629 2029 847 2064 conce-ssa,
873 2016 919 2065 d)
948 2014 1034 2058 sive
1062 2031 1114 2056 esc
1143 2017 1415 2068 inquisitione
1442 2018 1633 2070 qencrali
1659 2018 1802 2070 quoad

183 2081 345 2131 culpas,
376 2093 579 2121 excessus
607 2087 647 2120 et
675 2081 829 2121 delicta
860 2081 901 2120 in
933 2094 1102 2133 genere,
1134 2081 1199 2120 vel
1231 2082 1333 2121 haec
1364 2082 1628 2133 deprehensa
1660 2082 1802 2134 quoad

179 2152 397 2185 auctorem
439 2147 576 2186 adhuc
617 2145 1003 2195 indeterminatum,
1045 2147 1100 2187 ab
1146 2146 1389 2195 Ordinatio,
1432 2153 1521 2187 tum
1563 2147 1643 2187 loci
1688 2147 1801 2187 iuxta

185 2224 275 2249 can.
315 2213 402 2257 198,
436 2211 454 2254 ἓ
486 2214 524 2258 2,
561 2211 602 2250 in
638 2211 855 2251 ordinari-a
886 2211 1098 2251 dioecesis
1132 2211 1386 2260 visitatione,
1424 2212 1487 2251 vel
1523 2212 1631 2252 alias
1663 2212 1803 2264 quoad

185 2275 507 2315 dewi-mnatum
541 2281 692 2322 cetum,
727 2282 815 2315 tum
848 2289 914 2315 «a
952 2275 1180 2327 Superiore
1214 2276 1374 2316 maiore
1408 2275 1449 2315 in
1484 2275 1691 2328 religione
1725 2276 1806 2316 cle-

186 2338 302 2378 ricali
331 2346 527 2391 exempta
552 2355 572 2379 »
599 2342 710 2389 (can.
744 2343 832 2387 198,
862 2339 878 2384 ἓ
909 2344 946 2389 l)
975 2341 1117 2392 quoad
1145 2341 1296 2381 domos
1322 2340 1406 2381 sibi
1431 2341 1647 2380 sublectas
1675 2341 1803 2392 sacto,

186 2402 299 2443 iuxta
334 2404 452 2451 illud,
488 2405 601 2456 quod
634 2405 788 2457 legitur
820 2405 862 2445 in
895 2419 988 2457 cap.
1024 2407 1075 2446 26
1108 2406 1202 2445 «de
1235 2405 1593 2451 accusationibus,
1630 2404 1807 2457 inquisi-

184 2467 371 2507 tionibus
402 2474 443 2507 et
475 2469 876 2510 denunciationibus
897 2484 918 2510 »
954 2470 1023 2517 (V,
1064 2472 1102 2521 1)
1136 2470 1189 2510 X:
1229 2469 1512 2522 «inquiratis,
1548 2483 1658 2522 quae
1693 2469 1805 2510 circa

188 2545 396 2583 personas
435 2538 477 2572 et
519 2533 811 2574 observantias
854 2535 1075 2586 regulares
1116 2534 1309 2574 videritis
1351 2534 1628 2586 inquirenda:
1676 2533 1808 2574 corri-

188 2601 334 2648 gentes
363 2602 401 2635 et
430 2597 712 2637 reformantes
742 2605 826 2638 tam
857 2598 898 2637 in
930 2598 1065 2650 capite
1094 2612 1224 2650 quam
1254 2598 1295 2638 in
1327 2599 1544 2646 membris,
1577 2611 1685 2651 quae
1717 2611 1808 2638 cor-

187 2659 390 2700 rectionis
415 2667 455 2700 et
484 2661 802 2702 reformationis
833 2662 970 2703 officio
995 2663 1203 2703 »noveritis
1230 2662 1422 2715 ind-igere
1451 2663 1616 2711 iuris»,
1646 2664 1688 2714 e)
1719 2662 1807 2702 sive

188 2725 272 2763 alia
311 2725 458 2776 quavis
497 2725 674 2773 ratione,
716 2739 824 2778 quae
860 2727 1096 2779 excogitari
1137 2727 1287 2779 possit,
1329 2727 1598 2767 occasionem
1633 2727 1689 2767 ad
1729 2727 1808 2767 hoc

191 2789 418 2839 praebente
449 2789 589 2829 Bonis.
621 2790 738 2836 VIII,
769 2789 841 2842 qui
872 2790 912 2829 in
942 2804 1036 2842 cap.
1071 2793 1088 2830 1
1120 2790 1248 2830 huius
1274 2790 1383 2830 tituli
1413 2791 1482 2842 (V,
1516 2793 1553 2841 1)
1584 2791 1625 2829 in
1655 2792 1697 2831 θ’)
1725 2790 1804 2830 ait:

189 2853 466 2905 «Postquam
501 2867 645 2893 coram
677 2868 744 2901 eo,
782 2854 853 2906 qui
889 2860 1033 2894 contra
1066 2860 1105 2894 te
1141 2868 1270 2907 super
1305 2855 1433 2895 certis
1465 2854 1714 2895 criminibus
1748 2854 1810 2893 in-
