1914 3083
169 82 237 117 302
610 84 699 117 Lm.
730 83 797 117 IV.
827 103 839 108 -
867 83 977 116 PARS
1004 83 1034 115 I.
1063 103 1076 107 -
1105 82 1162 116 De
1190 82 1344 117 indiciis
1470 82 1566 117 Can.
1595 84 1800 118 1775-1776
1824 0 1914 111 ἶ

176 201 214 240 in
247 203 288 241 6¹³
318 189 429 251 (cap.
461 203 485 240 2
514 201 639 240 huius
668 201 775 240 tituli
810 203 857 240 10
888 200 928 239 in
960 200 1050 240 Lib.
1084 202 1142 250 II)
1172 200 1340 241 dicens:
1375 201 1566 240 «Testes
1595 201 1790 249 etiam,...

173 265 393 305 examines
423 264 672 312 (secundum
703 264 836 315 partis
865 264 1068 303 adversae
1100 264 1442 316 interrogatoria,
1474 278 1581 316 quae
1610 265 1686 305 tibi
1713 266 1794 306 sub

173 329 322 369 eadem
353 329 466 368 bulla
499 328 840 379 transmittimus)
873 328 1119 380 diligenter:
1154 328 1292 381 primo
1321 335 1461 368 tamen
1493 329 1533 368 in
1566 342 1795 380 personam

175 393 395 432 mnuslilwt
434 393 602 432 testi-s...
644 393 853 443 producti,
894 393 1003 432 facta
1041 393 1262 445 sigillatim
1302 393 1616 445 specificatione
1657 394 1797 434 crimi-

178 472 276 497 num
301 464 341 497 et
366 457 547 496 aliorum
574 457 836 497 obiectorum
863 457 942 497 sibi
970 457 1010 496 in
1036 457 1198 497 eisdem
1225 458 1415 498 artteulis
1442 464 1794 499 contentorum».

268 527 805 572 283.1nterrogationum
824 528 1072 572 qualitates
1102 523 1297 575 designat
1335 523 1667 574 praescribendo
1704 536 1797 564 can.

181 588 293 626 1775.
325 588 685 638 Interrogationes
715 587 907 639 singulae
937 587 977 626 in
1004 587 1173 627 testium
1197 587 1393 628 examine
1420 587 1608 628 iudiciali
1638 590 1678 638 a)
1707 588 1800 629 bre—

179 667 247 692 rcs
284 657 422 700 sunto,
461 653 515 691 ita
549 652 662 691 enim
696 652 820 692 facile
857 652 1164 705 intelliguntur,
1200 653 1244 703 h)
1280 667 1363 692 non
1398 653 1523 705 plura
1557 654 1684 693 simul
1717 653 1798 694 sub

178 717 300 756 unica
342 717 673 769 interrogatione
713 717 1056 767 complectentes,
1100 730 1207 769 quae
1250 717 1414 768 possint
1456 716 1634 765 secerni,
1675 731 1801 758 secus

177 795 327 821 ansam
369 781 632 821 difficultatis
674 781 877 833 praebent
917 781 1037 822 testis
1078 782 1205 821 menti
1249 782 1301 821 ad
1343 781 1705 833 respondendum,
1747 795 1801 822 eo

182 847 294 898 quod
330 847 451 898 plura
487 860 694 898 respon-sa
729 846 768 884 in
803 852 938 885 mente
970 846 1064 885 eius
1100 846 1334 886 ordinanda
1370 847 1609 894 volvuntur,
1647 850 1684 897 c)
1719 861 1801 886 non

179 911 411 960 captiosae,
453 924 524 950 seu
562 911 718 962 quibus
755 916 925 950 eruatur
961 910 1159 950 fortassis
1196 924 1279 950 non
1317 910 1521 950 intentum
1559 924 1580 950 a
1620 916 1722 951 teste
1759 911 1800 950 in

183 988 392 1025 responso
435 975 627 1026 proprio,
672 975 714 1024 d)
756 989 839 1014 non
881 975 1102 1022 subdolae,
1147 975 1276 1015 idest:
1323 989 1431 1027 quae
1474 975 1804 1016 circumveniant

181 1045 330 1078 testem
369 1040 421 1079 ad
462 1040 674 1078 eruendas
715 1039 1053 1079 asseverationes
1094 1039 1223 1087 illius,
1266 1040 1380 1091 quod
1422 1040 1473 1079 ab
1515 1039 1803 1092 interrogante

184 1104 464 1151 desideratur,
502 1107 540 1154 e)
575 1118 655 1143 non
692 1108 970 1155 suggerentes
1005 1105 1330 1156 responsionem
1364 1105 1563 1152 dandam,
1600 1118 1707 1156 quae
1745 1104 1805 1145 sic

184 1169 353 1219 praevie
388 1174 485 1207 nota
521 1174 849 1220 supponeretur,
883 1175 923 1208 et
954 1169 1010 1208 ad
1043 1169 1123 1208 hoc
1157 1168 1336 1220 pertinet
1370 1169 1436 1209 ius
1471 1169 1710 1209 Romanum
1744 1169 1805 1210 di—

185 1247 283 1273 cens
327 1235 363 1273 1:
409 1233 523 1285 «qui
567 1233 859 1285 quaestionem
902 1232 1124 1273 habiturus
1163 1239 1227 1273 est
1270 1247 1354 1273 non
1398 1233 1520 1273 debet
1563 1233 1805 1285 specialiter

188 1298 466 1350 interrogare,
513 1297 611 1349 quia
657 1299 735 1337 hoe
780 1297 918 1349 magis
964 1298 1232 1350 suggerentis
1278 1311 1405 1349 quam
1448 1297 1704 1349 requirentis
1748 1297 1808 1337 vi-

185 1363 364 1409 detur»,
398 1362 614 1402 videlicet:
650 1362 926 1414 interrogatio
959 1362 1018 1402 sic
1051 1362 1122 1402 fiat
1155 1368 1197 1402 ut
1226 1362 1379 1402 excitet
1409 1368 1558 1402 testem
1590 1362 1643 1402 ad
1676 1375 1806 1402 unum

186 1427 251 1465 vel
282 1427 528 1478 oppositum
561 1426 861 1466 confitendum.
898 1427 1139 1478 Sequuntur
1172 1426 1411 1478 qualit-ates,
1446 1439 1597 1478 nempe
1629 1433 1673 1466 ut
1705 1441 1725 1466 «
1748 1426 1809 1466 in-

188 1491 498 1543 terrogationes
522 1506 541 1530 »
580 1492 796 1542 praefatae
835 1491 938 1530 sint:
978 1491 1011 1541 f)
1048 1495 1234 1530 remotae
1271 1505 1295 1530 α
1332 1491 1517 1531 cuiusvis
1557 1491 1808 1544 offensione,

188 1569 294 1606 quae
330 1555 572 1594 necessario
604 1556 855 1595 educeretur
887 1569 942 1595 ex
976 1556 1323 1607 interrogatione,
1360 1569 1454 1595 cum
1488 1555 1610 1595 vitari
1646 1561 1806 1607 posset,

189 1624 224 1659 et
265 1620 434 1659 demum
474 1622 516 1672 g)
556 1621 812 1670 pertinentes
854 1620 1010 1659 iudicio
1050 1620 1271 1672 prudentis
1312 1621 1367 1659 ad
1404 1634 1577 1660 causam
1618 1634 1725 1672 quae
1766 1620 1808 1660 in

191 1686 268 1723 hoc
297 1684 502 1736 singulari
533 1684 690 1724 iudicio
718 1686 872 1736 sigitur,
905 1685 1093 1736 alioquin
1122 1685 1241 1725 testis
1270 1685 1321 1724 ad
1350 1685 1696 1735 respondendum
1724 1698 1808 1725 non

193 1749 420 1801 obligatur,
449 1755 493 1788 ut
522 1755 633 1800 patet
657 1763 710 1788 ex
739 1756 830 1789 oan.
862 1763 1003 1801 praec.
1037 1752 1151 1790 1774.

282 1821 388 1855 284.
419 1820 812 1865 Interrogationes
838 1831 925 1855 non
951 1820 1352 1861 communicandas,
1395 1820 1488 1854 ante
1532 1814 1674 1865 ipsum
1715 1828 1815 1854 exa-

191 1893 284 1918 men
322 1879 434 1918 iubet
468 1894 559 1918 can.
602 1881 718 1927 1776,
757 1880 869 1919 velut
906 1880 1067 1919 cautela
1106 1893 1183 1931 pro
1220 1879 1505 1919 assertionum
1540 1879 1713 1919 veritate
1749 1885 1813 1918 tu-

196 1945 335 1983 tanda.
368 1944 474 1983 Hinc
504 1943 520 1987 ἓ
553 1946 567 1982 1
595 1945 755 1984 statuit.
786 1945 1146 1996 Intew‘ogycttiones
1178 1960 1197 1981 «
1222 1944 1261 1982 in
1293 1944 1485 1984 examine
1516 1944 1769 1984 deferendae
1792 1958 1813 1983 ))

191 2023 244 2048 ex
269 2023 360 2049 can.
390 2011 505 2056 1773,
533 2008 549 2052 ἓ
573 2012 611 2055 2,
639 2023 721 2048 non
748 2013 844 2048 sunt
870 2022 891 2048 a
919 2022 1201 2060 quocum-que,
1230 2008 1482 2060 praesertim
1508 2022 1531 2048 a
1556 2007 1710 2056 iudice,
1736 2021 1812 2048 eas

192 2080 406 2121 noscente,
447 2088 542 2113 curn
582 2074 756 2113 testibus
798 2073 993 2125 singulis,
1036 2073 1161 2112 etiam
1197 2074 1252 2112 ad
1293 2086 1400 2124 quos
1441 2072 1689 2125 dirigendae
1728 2085 1812 2111 non

192 2145 328 2185 erunt,
367 2143 490 2177 antea
530 2138 658 2178 idest:
702 2143 794 2178 ante
834 2138 974 2188 ipsum
1011 2151 1188 2177 examen
1229 2151 1496 2189 quocumque
1534 2143 1725 2188 tempore
1767 2150 1814 2176 ac

193 2203 287 2242 loco
326 2203 703 2242 communicandae
745 2203 900 2242 directe
940 2203 1003 2241 x'el
1045 2202 1260 2249 indirecte,
1302 2202 1357 2241 ita
1398 2208 1441 2241 ut
1480 2202 1598 2241 testis
1639 2201 1689 2241 de
1727 2201 1814 2240 illis

197 2267 393 2306 conscius
427 2267 498 2306 fiat
532 2267 775 2317 prudenter.

302 2332 418 2380 Quae
456 2331 668 2370 videretur
703 2331 898 2382 exceptio
934 2337 996 2370 est
1037 2330 1301 2382 praescripta
1340 2330 1417 2370 sub
1455 2329 1471 2373 ἓ
1508 2331 1546 2377 2,
1586 2336 1813 2382 propterea

197 2395 255 2434 sic
285 2395 513 2445 incipiens:
542 2396 737 2435 Attamen
763 2396 800 2435 si
826 2409 874 2434 ea
901 2409 1008 2446 quoe
1036 2395 1299 2447 testificanda
1326 2399 1420 2435 sunt
1447 2400 1643 2446 respectu
1670 2393 1814 2434 habito

198 2460 249 2498 ad
284 2459 638 2511 interrogationes
670 2460 925 2499 deferendas
960 2461 1015 2499 ita
1047 2474 1070 2498 a
1105 2460 1310 2499 memoria
1342 2460 1424 2499 sint
1458 2463 1619 2498 remota
1652 2458 1815 2498 ratione

197 2523 404 2573 temporis
428 2537 511 2575 quo
538 2524 779 2563 acciderunt
805 2525 869 2563 vel
896 2524 1310 2564 circumstantiarum
1334 2523 1570 2563 secundum
1597 2522 1817 2574 prudentis

198 2587 414 2634 iudicium,
457 2592 497 2626 nt
537 2588 618 2627 nisi
657 2589 775 2638 prius
816 2588 1057 2627 recoluntur
1096 2601 1171 2639 per
1212 2593 1410 2627 attentam
1448 2586 1724 2627 reflexionem
1761 2587 1816 2626 ad

199 2651 504 2690 connexionem
544 2652 750 2699 idearum,
791 2657 903 2691 cerlo
944 2652 1152 2703 offirmari
1193 2665 1287 2691 cum
1327 2651 1549 2703 prudentia
1591 2655 1814 2701 nequeant,

199 2716 351 2764 polerit
385 2715 510 2754 iader
541 2715 672 2761 solus,
707 2715 771 2754 cui
803 2715 980 2766 proinde
1012 2715 1062 2754 de
1094 2715 1178 2755 illis
1209 2714 1433 2754 remittitur
1464 2714 1681 2761 iudicium,
1716 2727 1818 2753 non-

302 2839 308 2859 ¹
341 2839 383 2872 L.
416 2841 447 2871 1.
477 2842 492 2879 ᾧ
524 2840 597 2881 Qui
623 2840 835 2883 fflarestion.
866 2840 906 2872 ff.
936 2839 994 2872 Dc
1023 2843 1175 2881 quaest.
