1914 3083
157 81 226 116 246
608 77 698 110 Lm.
729 76 795 110 lv.
824 95 836 100 -
854 74 972 108 'PARS
999 74 1031 107 Ι.
1059 92 1072 97 -
1099 72 1157 106 Dc
1182 70 1338 105 iudiciis

164 200 338 251 scripto,
373 202 409 237 el
444 197 535 237 ideo
568 210 620 234 cx
651 195 800 234 eadem
832 192 977 245 regula
1011 191 1152 231 statim
1186 191 1324 229 locum
1356 188 1481 228 habet
1515 200 1589 227 seu
1622 186 1782 238 obligat

164 263 418 315 principium
455 260 580 299 iuris:
618 275 637 297 «
662 259 730 297 Iilc
763 256 986 308 pendente,
1023 255 1126 294 nihil
1160 255 1380 293 innovetur
1403 267 1439 299 n,
1475 251 1588 303 quod
1619 257 1683 290 est
1715 264 1784 289 ru-

164 328 278 367 brica
314 328 497 377 pcrl'ccla
533 323 639 362 tituli
674 320 948 362 (ss'ollectionis
981 318 1259 365 authenticae,
1295 324 1330 357 et
1366 332 1386 356 «
1408 330 1460 356 ex
1492 316 1645 356 veteris
1679 315 1783 355 iuris

176 390 437 436 auctoritate,
473 394 596 438 atque
631 386 725 425 ideo
756 399 809 424 cx
840 384 1023 434 receptis
1057 382 1169 434 apud
1205 382 1408 434 probatos
1442 386 1637 420 auctores
1670 380 1793 419 inter-

178 453 500 505 pretationibus,
532 457 595 490 cst
629 449 981 489 aestimandum»
1017 449 1125 493 (can.
1159 448 1197 493 (¹),
1232 448 1304 494 2⁰).

767 654 1049 697 TITULUS
1083 654 1195 695 VII.

600 766 679 807 De
712 764 842 806 litis
877 761 1318 806 contestatione.

212 907 312 942 CAN.
344 907 447 941 17:26.
478 926 490 930 -
517 905 727 939 Obiectum
762 914 832 937 seu
870 913 948 936 ma-

168 955 268 989 teria
295 953 438 988 iudicii
465 952 728 987 constituitur
754 951 840 995 ipsa
862 950 951 984 litis

164 1002 472 1044 contestatione,
491 1011 561 1034 seu
580 999 738 1033 formali
759 997 950 1032 conventi

165 1049 500 1090 contradictione,
546 1046 738 1092 petitioni
787 1045 947 1088 actoris,

170 1098 278 1132 facta
307 1097 442 1131 animo
485 1094 675 1140 litigandi
719 1104 851 1127 coram
893 1092 951 1126 iu-

169 1145 270 1179 dice.

214 1192 313 1226 CAN.
344 1192 449 1226 1727.
479 1210 491 1214 -
526 1189 588 1223 Ad
626 1188 715 1222 litis
753 1190 951 1222 contesta-

167 1239 320 1273 tionem
363 1237 473 1271 nulla
513 1236 737 1271 necessaria
778 1239 839 1269 est
877 1234 952 1268 sol-

166 1286 370 1330 lemnitas,
399 1284 469 1319 sed
502 1284 647 1319 sufficit
686 1287 731 1317 ut
769 1282 953 1327 partibus

167 1344 299 1369 coram
350 1332 482 1366 iudice
526 1332 592 1365 vel
635 1330 722 1365 eius
768 1330 953 1374 delegato

167 1380 506 1425 comparentibus,
542 1379 583 1412 in
613 1378 714 1413 actis
753 1378 955 1411 inseratur

168 1428 315 1473 petitio
343 1427 490 1462 actoris
508 1431 547 1460 et
566 1425 836 1460 contradictio
864 1435 954 1458 con-

168 1475 294 1518 venti,
325 1475 430 1509 unde
457 1478 615 1508 constet
633 1485 711 1517 qua
738 1473 786 1507 de
806 1484 847 1506 re
867 1483 955 1517 aga-

168 1528 234 1558 tur
260 1534 329 1557 seu
356 1523 521 1566 quinam
548 1522 632 1555 sint
658 1520 954 1555 controversiae

173 1570 350 1606 termini.

217 1618 316 1652 CAN.
347 1617 450 1651 1728.
473 1636 485 1641 -
505 1617 551 1649 In
578 1615 709 1650 causis
727 1619 862 1649 tamen
884 1613 954 1648 ini-

169 1664 470 1710 plicatioribus,
520 1663 561 1697 in
613 1663 759 1707 quibus
810 1661 956 1706 petitio

169 1712 316 1747 actoris
343 1722 416 1745 nec
442 1711 651 1754 perspicua
679 1711 733 1745 sit
759 1721 832 1744 nec
866 1709 957 1744 sim-

170 1761 264 1805 plex
283 1759 347 1793 vel
375 1758 643 1793 contradictio
663 1757 853 1793 conventi
880 1756 958 1790 dif-

169 1807 420 1841 ficultatibus
446 1810 612 1849 scateat,
640 1806 776 1849 iudex,
813 1816 862 1839 ex
900 1804 958 1838 of-

170 1855 261 1889 ficio
288 1858 358 1888 aut
383 1853 433 1888 ad
460 1853 698 1888 instantiam
725 1852 873 1887 actoris
892 1852 956 1886 vel

170 1901 373 1945 conventi,
403 1905 538 1945 partes
565 1901 663 1935 citet
691 1901 741 1935 ad
768 1901 845 1934 rite
865 1899 959 1934 defl-

170 1949 339 1984 niendos
391 1949 690 1983 controversiae
740 1948 955 1991 articulos,

171 1997 274 2031 idest
302 1996 352 2031 ad
379 2007 522 2031 causae
548 1997 681 2039 dubia,
710 1999 755 2029 ut
793 1995 956 2035 dicitur,

171 2043 439 2078 concordanda
449 2070 456 2077 .

217 2092 317 2126 CAN.
349 2091 452 2124 1723).
483 2112 495 2116 -
523 2095 539 2132 ᾗ
568 2093 600 2124 1.
639 2090 678 2125 Si
718 2090 784 2125 die
824 2089 960 2123 dubiis

174 2138 467 2173 etalem-dandis
494 2138 748 2182 praestituta,
788 2148 880 2181 pars
919 2137 959 2170 in

171 2187 234 2220 ius
261 2190 401 2220 vocata
430 2197 509 2219 non
536 2190 763 2230 compareat
790 2196 864 2219 nec
882 2184 961 2217 ius-

174 2239 252 2268 tam
281 2233 489 2267 absentiae
522 2233 824 2267 excusationem
863 2232 958 2266 alle—

174 2285 254 2325 get,
283 2285 497 2314 contumax
532 2280 771 2324 declaretur,
813 2283 855 2313 et
892 2279 961 2313 du-

174 2329 329 2361 biorum
348 2328 520 2361 formula
537 2331 739 2362 statuatur
753 2338 801 2361 cx
817 2326 959 2367 officio,

175 2380 301 2419 parte,
355 2386 455 2418 quae
499 2385 688 2418 praesens
740 2374 878 2416 fuerit,
920 2374 961 2408 id

172 2422 419 2466 postulante.
450 2422 559 2455 Parti
578 2427 713 2456 autem
733 2421 960 2456 contumaci

175 2469 312 2504 statim
341 2469 382 2502 id
409 2474 548 2503 notum
578 2471 647 2503 liat
675 2481 722 2503 ex
750 2469 886 2503 ofticio
918 2472 962 2502 ut

175 2528 273 2561 quas
301 2517 402 2549 velit
429 2517 686 2559 exceptiones
714 2521 854 2551 contra
893 2516 963 2550 du-

177 2565 335 2599 biorum
364 2575 433 2597 seu
459 2564 719 2597 articulorum
748 2563 959 2598 formulam

176 2611 303 2656 possit
331 2622 553 2654 proponere
581 2617 620 2644 et
663 2622 683 2644 a
711 2611 960 2645 contumacia

175 2671 216 2693 se
243 2669 427 2702 purgare,
456 2658 561 2692 intra
590 2662 747 2701 tempus
766 2658 873 2701 quod
905 2658 963 2692 iu-

177 2707 257 2740 dici
285 2716 505 2750 congruum
534 2705 734 2739 videatur.

224 2757 239 2795 gi
266 2755 300 2786 2.
333 2752 518 2786 Partibus
544 2752 827 2797 praesentibus
854 2756 893 2786 et
920 2751 961 2785 in

178 2799 351 2835 formula
377 2800 591 2834 dubiorum
611 2811 682 2834 seu
701 2799 961 2834 articulorum

178 2847 454 2889 concordibus,
485 2847 517 2881 si
545 2848 683 2890 iudex,
711 2846 818 2891 quod
845 2846 896 2881 ad
922 2857 963 2880 se

1023 901 1185 943 attinet,
1214 899 1319 933 nihil
1338 899 1623 943 excipiendum
1643 902 1809 943 putave-

1024 949 1090 992 rit,
1120 948 1207 982 eius
1233 947 1291 982 rei
1318 948 1388 982 fiat
1414 947 1566 980 mentio
1586 947 1627 980 in
1647 946 1809 980 decreto

1024 1007 1101 1041 quo
1128 995 1303 1029 formula
1328 995 1522 1028 firmatur.

1072 1044 1148 1085 §3.
1179 1042 1219 1077 Si
1258 1053 1353 1076 vero
1392 1045 1528 1086 partes
1567 1040 1811 1075 dissentiant

1024 1094 1092 1126 aut
1120 1101 1257 1124 earum
1283 1089 1562 1124 conclusiones
1588 1088 1715 1122 iudici
1730 1099 1810 1121 non

1025 1138 1259 1183 probentur,
1291 1137 1415 1171 iudex
1456 1137 1545 1180 ipse
1584 1139 1812 1171 controver-

1026 1187 1125 1220 siam
1156 1185 1322 1219 dirimat
1349 1184 1526 1218 decreto.

1074 1237 1090 1274 ᾧ
1123 1233 1159 1266 4.
1200 1232 1423 1266 Dubiorum
1451 1242 1521 1265 seu
1547 1230 1810 1265 articulorum

1028 1280 1202 1314 formula
1229 1280 1352 1314 semel
1379 1282 1532 1313 statuta
1558 1278 1705 1312 mutari
1733 1289 1813 1312 non

1027 1332 1173 1372 potest,
1203 1327 1283 1362 nisi
1309 1338 1415 1361 novo
1435 1327 1611 1369 decreto,
1632 1337 1680 1360 ex
1699 1325 1814 1370 gravi

1029 1386 1160 1419 causa,
1205 1375 1256 1409 ad
1297 1374 1535 1409 instantiam
1579 1373 1706 1418 partis
1748 1373 1815 1407 vel

1028 1423 1269 1468 promotoris
1286 1422 1482 1465 iustitiae,
1504 1421 1570 1456 vel
1590 1420 1816 1455 defensoris

1029 1470 1197 1514 vinculi,
1226 1470 1367 1505 audita
1392 1475 1562 1513 utraque
1589 1468 1654 1503 vel
1690 1468 1816 1503 altera

1029 1523 1143 1563 parte
1162 1518 1328 1562 eiusque
1348 1517 1574 1552 rationibus
1592 1515 1813 1560 perpensis.

1076 1566 1175 1602 CAN.
1203 1567 1307 1600 1730.
1337 1585 1350 1589 -
1377 1566 1604 1608 Antequam
1623 1563 1709 1598 litis
1724 1574 1815 1598 con-

1030 1613 1196 1648 testatio
1222 1613 1355 1647 locum
1381 1612 1583 1655 habuerit,
1610 1611 1732 1645 iudex
1767 1610 1818 1645 ad

1029 1661 1197 1696 testium
1223 1660 1447 1695 aliarumve
1461 1659 1745 1704 probationum
1759 1669 1818 1692 re-

1031 1709 1259 1753 ceptionem
1285 1719 1335 1741 ne
1362 1707 1568 1752 procedat,
1598 1706 1677 1740 nisi
1696 1705 1738 1740 in
1758 1717 1819 1740 ca-

1032 1768 1077 1791 su
1104 1755 1395 1799 contumaciae,
1423 1758 1494 1789 aut
1532 1754 1612 1788 nisi
1653 1753 1815 1788 testium

1032 1803 1326 1848 depositionem
1353 1803 1531 1846 recipere
1550 1805 1748 1846 oporteat,
1768 1811 1818 1835 ne

1032 1852 1117 1896 ipsa
1146 1851 1194 1885 ol)
1222 1851 1472 1895 probabilem
1493 1850 1612 1884 testis
1632 1852 1817 1892 mortem,

1033 1900 1081 1934 ol)
1110 1899 1331 1933 discessum
1350 1898 1529 1933 eiusdem
1550 1897 1615 1931 vel
1634 1897 1683 1930 ol»
1698 1896 1819 1931 aliam

1033 1948 1179 1981 iustam
1213 1957 1374 1980 causam
1411 1945 1536 1989 recipi
1577 1948 1715 1988 postea
1754 1955 1821 1977 ne-

1034 1998 1170 2039 queat,
1199 1997 1269 2028 aut
1296 1993 1519 2027 difficulter
1544 1992 1684 2036 possit.

1081 2042 1181 2076 CAN.
1212 2042 1316 2075 1731.
1345 2061 1358 2065 -
1385 2040 1474 2074 Lite
1503 2042 1754 2074 contestata:

1132 2089 1183 2122 ].o
1210 2088 1328 2123 Haud
1354 2088 1454 2122 licet-
1480 2087 1606 2122 actori
1634 2086 1820 2120 libellum

1034 2140 1204 2175 mutare,
1233 2136 1325 2179 nisi,
1354 2146 1423 2170 reo
1450 2134 1742 2177 consentiente,
1764 2133 1822 2167 iu-

1035 2185 1125 2227 dex,
1154 2184 1273 2217 iustis
1301 2183 1349 2217 (le
1376 2183 1521 2227 causis,
1551 2185 1713 2217 censeat
1740 2191 1823 2214 mu-

1036 2231 1231 2266 tationem
1260 2242 1345 2265 esse
1373 2230 1682 2273 admittendam,
1711 2228 1823 2263 salva

1036 2290 1193 2322 semper
1220 2289 1287 2312 reo
1314 2277 1642 2322 compensatione
1662 2277 1823 2311 damno-

1035 2337 1120 2360 rum
1150 2330 1189 2360 et
1217 2337 1494 2369 expensarum,
1541 2325 1570 2359 si
1613 2335 1715 2368 quae
1755 2323 1820 2357 de-

1035 2374 1191 2408 beatur}
1221 2374 1406 2407 Libellus
1433 2384 1512 2407 non
1540 2376 1727 2406 censetur
1740 2381 1825 2404 mu-

1038 2425 1159 2459 tatus,
1189 2420 1223 2454 si
1266 2424 1493 2455 coarctetur
1535 2422 1605 2454 aut
1646 2421 1825 2454 mutetur

1036 2468 1291 2513 probationis
1316 2468 1483 2513 modus,
1529 2467 1562 2502 si
1590 2467 1825 2500 minuantur

1035 2520 1106 2550 aut-
1133 2516 1274 2560 petitio
1301 2519 1371 2550 aut
1397 2514 1619 2550 accessoria
1661 2513 1825 2558 petitio-

1036 2563 1124 2605 nis,
1153 2563 1186 2596 si
1230 2563 1328 2598 facti
1371 2562 1565 2597 adiuncta
1604 2562 1646 2595 in
1689 2560 1826 2594 libello

1036 2610 1190 2655 pridem
1209 2611 1341 2654 posita
1357 2610 1415 2645 ita
1430 2610 1700 2650 illustrentur,
1724 2618 1826 2642 com-

1037 2658 1226 2701 pleantur
1252 2662 1322 2692 aut
1349 2658 1632 2701 emendentur,
1661 2659 1706 2690 ut
1737 2666 1826 2689 con—

1037 2705 1259 2739 troversiae
1311 2705 1514 2740 obiectum
1555 2704 1663 2738 idem
1702 2713 1826 2737 rema-

1038 2756 1155 2794 neat,
1183 2752 1216 2786 si
1243 2753 1287 2786 in
1313 2753 1446 2787 locum
1473 2751 1531 2786 rei
1558 2753 1722 2796 petatur
1740 2760 1827 2794 pre-

1037 2799 1154 2840 tium,
1185 2799 1328 2833 foenus
1355 2804 1425 2834 aut
1453 2799 1610 2843 aliquid
1638 2797 1827 2842 aequiva-

1039 2847 1128 2880 lens
1146 2859 1153 2885 ς
