1914 3083
1762 19 1830 55 '³³5

585 88 675 120 Lm.
704 87 771 120 IV.
799 106 813 111 -
841 86 949 120 PARS
977 86 1005 119 Ι.
1031 105 1046 114 -
1072 85 1130 119 De
1158 85 1312 120 iudiciis
1445 85 1539 121 Can.
1569 87 1773 124 1730-1731

144 89 164 121 [Ο

168 90 188 121 U!

192 89 212 121 Ν)

254 206 299 244 lit
335 211 428 257 post
466 205 546 243 alia
579 204 794 255 sequitur:
835 203 1015 243 «Porro
1050 204 1260 254 speciales
1294 217 1447 243 causae
1483 209 1662 256 possunt
1697 219 1765 246 oc-

145 283 328 309 currero.
365 269 404 307 in
439 268 593 320 quibus
628 268 853 307 casualiter
886 274 995 307 esset
1030 268 1144 307 aliud
1179 268 1514 309 observandum:
1552 275 1595 309 ut
1629 271 1761 321 (verbi

145 334 296 383 qratia)
336 333 371 371 si
410 346 540 383 super
581 332 761 371 alicuius
798 332 1004 371 electione
1044 333 1108 371 vel
1151 333 1303 383 copula
1344 333 1527 373 maritali
1569 335 1763 386 quaestio

144 403 374 444 inm-catum
405 403 501 436 tunc
525 396 680 435 etenim
709 398 776 445 (ne
804 402 978 447 propter
1006 397 1178 449 longam
1206 411 1369 437 moram
1398 398 1437 437 in
1467 398 1763 450 spiritu-abhus

140 468 179 500 et
209 461 516 512 temporalibus
546 461 729 512 patiatur
760 460 938 500 ecclesia
969 461 1225 502 laesionem:
1258 462 1323 502 vel
1352 462 1444 502 viro
1473 462 1562 502 sive
1593 463 1759 504 mulieri

141 525 435 564 smnicationis
489 525 657 564 occasio
712 526 988 577 praebeatur:
1045 526 1228 566 maxime
1282 540 1376 566 cum
1430 527 1763 580 propinquitatis

142 589 301 640 giadus
329 589 559 641 opponitur
587 589 679 641 lege
708 589 847 628 dix-ina
879 589 1135 641 prohibitus)
1165 590 1205 630 in
1233 591 1476 630 huiusmodi
1509 592 1678 632 casibus
1707 592 1759 643 (si

142 660 366 694 contumax
403 654 649 705 apparuerit
687 654 721 693 is
757 654 796 693 in
834 668 959 706 quem
994 654 1072 694 fuit
1108 655 1217 695 actio
1253 656 1499 708 dirigenda:
1537 657 1625 697 sive
1668 657 1760 709 quia

140 718 425 769 pciemptoria
452 718 647 758 citatione
673 724 842 770 recepta
867 719 1010 758 venire
1037 720 1280 767 contemnit,
1309 720 1396 761 sive
1422 721 1520 773 quia
1548 721 1759 762 malitiose

140 783 329 834 scipsum
358 784 560 823 occultat:
593 783 680 823 sive
710 783 807 835 quia
837 783 1013 835 impedit
1041 798 1092 823 ne
1123 785 1256 836 possit
1287 786 1339 825 ad
1365 799 1463 825 eum
1494 786 1635 826 citatio
1665 800 1760 838 per—

137 847 296 894 venire)
329 853 456 887 testes
487 848 557 888 lite
590 862 673 888 non
706 854 937 889 contestata
972 855 1068 889 sunt
1100 842 1250 890 merito
1283 850 1545 901 admittendi;
1578 857 1619 892 et
1654 851 1760 892 nihi-

136 912 321 951 lominus
360 912 411 963 (si
452 912 502 951 de
540 925 667 951 causa
709 912 884 964 liqueat)
923 914 975 953 ad
1017 913 1280 954 diffinitivam
1317 915 1570 955 sententiam
1610 930 1760 968 proce-

136 976 320 1015 dendum
343 991 378 1015 ».

241 1040 385 1079 lnnoc.
423 1040 532 1079 idem
568 1041 629 1080 III
665 1041 706 1079 in
741 1054 835 1092 cap.
871 1043 918 1081 34
957 1043 1051 1081 «de
1085 1043 1264 1084 testibus
1295 1050 1333 1083 et
1371 1045 1754 1085 attestationibus»

134 1104 206 1154 (ΙΙ,
239 1106 307 1153 20)
337 1105 367 1143 X
398 1105 536 1156 magis
568 1105 822 1157 generaliter
854 1106 1064 1158 loquitur:
1100 1108 1301 1148 «Verum
1335 1109 1369 1148 si
1403 1109 1754 1162 archiepiscopus

134 1167 284 1207 citatus
311 1167 512 1220 legitime,
542 1169 607 1208 vel
636 1182 711 1220 per
737 1183 800 1217 se,
830 1170 896 1209 vel
925 1184 1000 1222 per
1029 1177 1351 1223 procuratorem
1379 1172 1580 1213 idoneum
1608 1174 1755 1214 nolue-

130 1231 180 1269 rit
207 1245 469 1282 comparere,
494 1238 568 1272 aut
592 1233 706 1272 litem
730 1233 858 1273 etiam
885 1235 1135 1276 contestari:
1165 1249 1240 1276 vos
1265 1242 1393 1276 testes
1418 1237 1601 1277 maxime
1628 1251 1754 1278 senes

129 1301 169 1334 et
204 1295 552 1344 valetudinarios,
590 1311 700 1349 quos
736 1297 1063 1339 archidiaconus
1099 1299 1267 1340 duxerit
1304 1301 1618 1352 producendos,
1657 1303 1756 1343 sub-

134 1359 218 1398 lato
243 1360 547 1411 appellationis
574 1361 794 1401 obstaculo
820 1362 1073 1403 admittatis:
1100 1370 1141 1403 et
1167 1364 1458 1415 depositiones
1481 1379 1632 1406 eorum
1658 1380 1756 1407 con-

131 1423 311 1474 scriptas
338 1424 392 1463 ad
428 1424 580 1464 Sedem
611 1425 766 1465 curctis
798 1426 1091 1477 Apostolicam
1122 1428 1358 1470 destinare:
1394 1435 1625 1471 statuentes
1655 1444 1752 1483 par—

129 1487 240 1526 tibus
260 1488 485 1527 terminum
508 1490 857 1540 percn‘iptorium,
882 1505 965 1542 quo
989 1505 1063 1542 per
1086 1505 1145 1538 se,
1170 1493 1234 1532 vel
1256 1495 1531 1544 responsales
1554 1494 1748 1543 idoneos,

128 1558 272 1591 nostro
309 1567 352 1592 se
390 1554 634 1604 conspectui
671 1561 1005 1607 repraesentent,
1041 1557 1295 1597 sententiam
1331 1565 1638 1610 recepturae».

234 1617 312 1655 His
362 1617 543 1657 textibus
595 1619 804 1671 congruit,
858 1620 930 1659 sed
983 1622 1234 1661 accuratiori
1286 1623 1413 1662 modo
1466 1624 1747 1677 undequaque

127 1681 424 1731 praescribens
460 1696 550 1721 con.
593 1683 706 1722 1730.
746 1684 984 1735 Antequam
1022 1686 1104 1726 litis
1141 1689 1389 1727 contestatio
1428 1688 1646 1729 sufficiens
1682 1691 1747 1729 x‘el

127 1757 201 1795 per
241 1745 466 1784 dubiorum
506 1747 851 1787 concordantiam
893 1750 1029 1788 Iocum
1070 1751 1263 1790 habuerit
1304 1758 1399 1804 post
1440 1752 1630 1793 libellum
1668 1754 1746 1794 rite

126 1807 328 1855 oblatum,
365 1810 490 1848 tudem
521 1810 610 1849 sive
664 1811 813 1851 unicus
866 1812 952 1852 sive
1003 1814 1188 1854 tribunal
1242 1815 1479 1868 collegiale,
1535 1817 1746 1870 huiusque

123 1884 299 1922 praeses
332 1873 579 1925 prohibetur
613 1876 667 1914 od
701 1877 867 1915 testium
901 1878 1167 1929 aliorumque
1200 1880 1517 1930 probationum,
1555 1882 1631 1922 etsi
1666 1883 1761 1921 hae·

129 1937 378 1977 documenta
431 1938 527 1986 sint,
556 1940 840 1989 receptionem
870 1956 919 1981 ne
946 1944 1165 1993 procedat,
1217 1945 1345 1985 etiam
1399 1946 1450 1986 ad
1502 1946 1745 1987 instantiam

128 2001 274 2050 partis,
306 2007 345 2040 et
376 2002 454 2041 hoc
487 2003 782 2055 «regulariter
811 2019 956 2045 verum
988 2014 1047 2046 cst
1071 2022 1107 2055 »,
1142 2008 1223 2048 nisi
1251 2012 1294 2059 a)
1327 2010 1367 2049 in
1398 2024 1499 2050 casu
1530 2016 1748 2051 contuma-

127 2065 230 2107 ciae,
255 2065 453 2116 equidem
479 2067 529 2106 ad
556 2081 748 2107 normam
773 2071 1044 2121 procedendo
1069 2086 1279 2113 canonum
1305 2074 1456 2126 capitis
1483 2076 1515 2122 I,
1542 2075 1650 2115 tituli
1676 2076 1744 2123 XI⁷

122 2133 190 2167 aut
222 2130 264 2175 h)
295 2146 315 2166 «
342 2129 427 2169 sive
460 2144 562 2181 pars
595 2138 795 2172 conventa
827 2134 880 2173 sit
914 2141 1156 2184 contumax,
1190 2138 1277 2178 sive
1307 2138 1362 2177 sit
1391 2139 1550 2179 absens
1582 2140 1742 2192 absque

123 2193 281 2232 malitia
306 2208 341 2241 »,
379 2195 476 2246 quia
513 2196 563 2234 de
599 2210 726 2236 causa
763 2199 1023 2239 contentiosa
1061 2201 1214 2253 agitur,
1253 2202 1335 2243 nisi
1370 2204 1537 2245 testium
1575 2205 1744 2255 deposi-

122 2257 274 2296 tionem
317 2260 448 2310 recipi
487 2266 694 2310 oporteat,
736 2263 866 2314 (quod
905 2264 957 2303 ad
996 2265 1220 2305 «aliarum
1258 2267 1559 2319 probationum
1597 2282 1743 2320 recep-

121 2320 276 2359 tionem
301 2337 320 2361 »
353 2336 435 2361 non
469 2329 530 2363 est
559 2325 904 2377 extendendum),
939 2342 989 2367 ne
1024 2330 1116 2379 ipsa
1150 2330 1448 2382 «depositio»
1483 2336 1523 2383 a)
1557 2334 1610 2372 ob
1643 2347 1742 2385 pro-

122 2384 301 2424 babilem
334 2387 448 2426 testis
480 2393 672 2437 mortem,
705 2391 898 2441 quamvis
929 2398 1040 2432 certa
1068 2407 1153 2433 non
1182 2395 1237 2434 sit
1266 2396 1384 2443 haec,
1416 2410 1492 2436 nec
1519 2404 1738 2449 sequatur,

120 2449 162 2495 b)
199 2449 251 2487 ob
290 2450 524 2491 discessum
562 2454 751 2495 eiusdem
787 2456 1017 2496 notabilem
1056 2472 1077 2497 a
1115 2459 1209 2499 loco
1244 2459 1471 2502 tribunalis
1508 2463 1573 2502 vel
1609 2465 1648 2512 c)
1685 2463 1739 2503 ob

118 2513 243 2551 aliam
281 2514 429 2553 iustam
466 2530 637 2556 eausam
676 2519 871 2570 quamvis
907 2522 997 2560 testi
1032 2523 1331 2572 extrinsecam,
1368 2525 1650 2566 timendamve
1684 2541 1737 2567 ex

120 2583 236 2626 parte
268 2578 515 2627 mlversarii,
549 2580 602 2620 ita
634 2588 673 2621 ut
706 2590 1012 2635 consequenter
1042 2586 1112 2625 uni
1142 2601 1193 2627 ex
1223 2588 1290 2628 his
1320 2589 1462 2630 causis
1491 2590 1738 2641 pra—evidea-

119 2646 185 2679 tur
212 2643 343 2692 recipi
369 2648 517 2692 posteo
540 2648 584 2694 a)
612 2652 790 2697 nequeat
819 2665 837 2686 «
863 2649 1073 2700 depositio
1096 2665 1133 2697 ›),
1162 2657 1232 2691 aut
1259 2653 1302 2702 b)
1331 2654 1479 2693 saltem
1508 2655 1737 2707 difficulter

118 2704 269 2754 possit,
298 2706 409 2757 quod
436 2707 629 2747 ultimum
655 2711 897 2760 praevisum
923 2713 1026 2753 satis
1048 2720 1126 2753 est.

210 2775 315 2809 228.
355 2776 714 2814 Contestationis
757 2780 858 2815 litis
901 2782 1089 2818 effectus
1128 2785 1348 2819 enumerat
1381 2793 1622 2821 consonans
1656 2781 1736 2821 iuri

119 2834 386 2884 praecedenti
410 2848 501 2874 can.
531 2837 645 2875 1731.
673 2839 761 2878 Lite
785 2844 1017 2880 contestata
1042 2842 1092 2881 ad
1118 2856 1310 2882 normam
1335 2858 1456 2884 cann.
1486 2848 1732 2886 1727-1729·
