1914 3083
158 56 229 89 460

610 50 699 83 Lm.
728 48 795 82 IV.
824 67 838 71 -
864 46 973 80 szs
999 45 1029 79 Ι.
1055 63 1070 72 ·
1096 44 1154 78 Dc
1180 42 1336 76 iudiciis

163 99 1793 122 Η

208 176 285 214 &52-
320 173 360 205 ln
401 181 536 204 eorum
581 166 765 201 examine
809 168 944 199 servet

162 219 393 264 inquisitor,
423 220 617 260 quantum
645 214 731 247 ficri
753 216 886 257 potest
905 216 946 245 et

163 273 303 302 natura
332 263 614 308 inquisitionis
641 261 808 305 patitur,
830 270 944 304 regu-

162 316 220 349 las
247 318 421 347 statutas
448 312 489 345 in
517 321 603 344 can.
634 309 850 342 1770-1731.

209 362 309 395 CAN.
360 360 463 393 1945.
505 378 516 382 —
560 356 793 400 Inquisitor,
835 356 944 388 ante-

161 421 277 453 quam
308 406 616 449 inquisitionem
656 402 833 445 claudat,
878 412 943 444 po-

162 460 241 491 test
268 453 508 499 proinotoris
527 451 709 486 iustitiae
730 449 943 484 consilium

161 503 371 547 exquirere
399 500 558 545 quoties
585 499 626 532 111
654 498 830 541 aliquam
868 496 945 530 dif-

162 551 382 586 ficultatem
426 547 632 590 inciderit,
680 546 727 579 et‘
763 556 851 578 cuni
898 554 944 577 eo

162 603 251 634 acta
277 596 587 631 communicare.

211 646 312 680 CAN.
344 645 449 679 1946.
494 664 506 668 -
546 646 561 684 ᾧ
602 644 634 674 1.
676 639 847 683 Expleta
887 638 945 672 in-

163 693 399 738 quisitione,
429 690 661 734 inquisitor,
691 687 831 722 addito
867 686 947 720 suf-

163 741 293 786 fragio
320 751 404 781 suo,
434 738 567 773 omnia
608 737 762 771 referat
788 734 837 768 ad
879 734 946 767 Or—

165 788 382 823 dinarium.

211 840 227 878 ᾧ
254 838 288 869 2.
319 833 556 869 Ordinarius
585 831 647 865 vel
677 830 726 864 de
754 829 842 864 eius
860 840 946 872 spe-

164 883 258 918 ciali
288 882 477 917 mandato
497 879 680 914 officialis
699 889 770 912 suo
786 877 948 910 decreto

164 932 304 965 iubeat
331 933 373 963 ut
393 942 399 962 :

235 980 273 1012 10
316 977 353 1011 si
381 977 574 1020 appareat
593 971 945 1007 denuntiationem

166 1026 296 1060 solido
310 1025 573 1058 fundamento
593 1032 678 1055 esse
694 1019 945 1062 destitutam,

1017 163 1060 197 id
1087 162 1317 197 declaretur
1341 159 1384 193 in
1410 159 1512 194 actis
1538 162 1580 192 et
1605 160 1695 192 acta
1712 157 1802 202 ipsa

1016 211 1057 244 in
1100 212 1253 244 secreto
1296 207 1439 242 Curiae
1481 206 1646 240 archivo
1688 216 1801 249 repo-

1017 261 1167 292 nantur
1184 269 1192 299 ;
1507 260 1509 263 ’
1650 264 1654 269 ’

1089 306 1127 338 2⁰
1171 303 1211 338 Si
1239 301 1394 337 indicia
1419 300 1602 335 criminis
1626 299 1801 334 habean-

1018 356 1095 395 tur,
1141 351 1211 385 sed
1249 350 1428 384 nonduin
1468 348 1712 382 sufficientia
1748 346 1800 380 ad

1017 398 1307 434 accusatoriam
1347 397 1547 431 actionem
1586 395 1801 429 instituen-

1018 448 1122 487 dam,
1151 450 1242 480 acta
1267 445 1309 479 in
1337 445 1477 479 eodeni
1517 442 1682 477 archivo
1721 452 1801 475 ser-

1019 497 1169 529 ventur
1195 497 1236 527 et
1261 492 1504 537 invigilet-ur
1529 489 1693 524 interim
1720 499 1802 522 mo-

1018 542 1130 576 ribus
1157 540 1362 584 imputati,
1391 539 1459 583 qui
1500 549 1571 582 pro
1609 536 1801 581 prudenti

1019 588 1223 625 Ordinarii
1238 588 1391 621 iudicio
1406 587 1486 620 erit
1499 589 1725 629 opportune
1739 594 1802 618 su-

1019 649 1090 682 per
1108 647 1149 670 10
1168 635 1407 679 audiendus,
1429 638 1481 678 et,
1500 633 1533 667 si
1547 643 1663 667 casus
1681 631 1800 675 ferat,

1019 684 1243 719 monendus
1268 683 1319 717 ad
1345 692 1525 716 normam
1564 691 1652 714 can.
1681 679 1802 722 2307;

1091 733 1130 766 30
1157 731 1195 766 si
1226 731 1401 774 denique
1428 733 1537 763 certa
1563 727 1630 762 vel
1656 727 1801 761 saltem

1020 778 1249 824 probabilia
1276 782 1316 812 et
1343 776 1587 812 sufficientia
1611 774 1663 810 ad
1689 784 1803 808 accu-

1022 827 1217 862 sationem
1245 825 1538 860 instituendam
1566 824 1806 868 argumenta

1023 878 1186 919 praesto
1214 874 1308 917 sint,
1338 873 1489 908 citetur
1514 882 1606 905 reus
1631 870 1682 904 ad
1701 880 1804 903 com-

1022 922 1241 966 parendum
1271 925 1312 955 et
1338 920 1579 965 procedatur
1617 918 1667 952 ad
1702 916 1804 951 ulte-

1021 970 1127 1004 riora
1154 969 1204 1003 ad
1230 980 1410 1003 normam
1440 977 1637 1002 canonum
1657 964 1726 1009 qui
1745 974 1804 998 se-

1023 1021 1213 1061 quuntur.

594 1179 637 1183 ——
665 1157 906 1202 quandoque
933 1154 1160 1189 necessaria
1585 1151 1680 1186 Can.
1708 1150 1804 1184 1939

954 1271 998 1275 —
1025 1261 1047 1284 a,
1074 1260 1152 1293 (1110
1179 1248 1364 1293 legitime
1642 1260 1658 1275 »
1710 1245 1804 1279 1940

596 1322 638 1325 -
651 1298 878 1344 peragenda
894 1272 947 1367 -Ι

954 1366 997 1370 —
1025 1344 1196 1379 servatis
1223 1342 1465 1388 quibusdam
1643 1355 1658 1370 >›
1711 1340 1803 1374 1941

274 1398 404 1442 Caput
431 1398 467 1431 ΙΙ

167 1448 225 1481 De
249 1445 516 1490 inquisitione
536 1464 579 1468 —
596 1464 640 1468 -—
666 1446 830 1487 propter
857 1441 1101 1476 sufficientes
1127 1439 1306 1474 rationes
1643 1451 1659 1467 »
1711 1436 1805 1469 1942

953 1557 997 1561 -
1025 1548 1102 1580 (1110
1129 1535 1247 1569 modo
1641 1547 1656 1562 »
1710 1531 1804 1565 1943

595 1654 639 1658 —
675 1631 858 1667 ducenda
893 1653 936 1656 —
953 1651 996 1655 -—
1024 1641 1196 1674 quacum
1223 1632 1425 1674 potestate
1643 1641 1658 1656 »
1710 1625 1805 1660 1944

952 1747 995 1751 --
1023 1726 1227 1770 exquisito
1253 1725 1424 1760 consilio
1643 1738 1658 1753 »
1711 1723 1804 1757 1945

596 1844 637 1847 —
666 1822 829 1866 expleta
856 1821 1042 1865 sequelae
1640 1833 1654 1847 2>
1710 1818 1805 1852 1946

275 1974 383 2008 485.
422 1971 669 2016 Inscriptio
712 1970 898 2015 Capitis.
941 1990 985 1994 —-
1025 1963 1184 2002 Deinde
1225 1961 1583 2002 considerandum
1618 1965 1681 2000 est
1720 1960 1800 1999 Co-

173 2038 245 2083 pul
276 2034 314 2071 II
346 2032 595 2083 inscriptum
624 2031 685 2069 De
716 2029 987 2080 inquisitione
1016 2028 1191 2067 verbum
1222 2027 1401 2066 innuens
1431 2025 1639 2065 actionem
1666 2037 1797 2076 quae-

174 2097 293 2136 rendi
324 2097 403 2135 sibi
435 2096 692 2135 ali-sconsum
722 2094 761 2133 in
793 2093 934 2145 aliqua
968 2106 1025 2140 10,
1059 2104 1241 2143 pensona
1271 2091 1335 2130 vel
1364 2089 1551 2142 negotio,
1581 2094 1621 2129 et
1653 2089 1693 2127 in
1726 2102 1796 2141 ge-

175 2175 270 2200 11010
308 2160 518 2212 significat
556 2174 576 2198 «
600 2157 967 2211 investigationem
1002 2158 1062 2196 rei
1099 2156 1287 2195 nondum
1323 2155 1575 2207 cognitae».
1614 2154 1699 2193 Pro
1733 2153 1797 2192 di—

176 2224 369 2263 versitate
401 2224 527 2275 igitur
556 2223 615 2262 rei
642 2222 812 2262 diversa
840 2221 921 2261 >erit
951 2220 1184 2272 inquisitio,
1214 2225 1255 2259 et
1284 2218 1463 2270 proinde
1492 2219 1533 2257 in
1563 2217 1719 2258 Codice
1751 2216 1796 2256 fit

175 2288 330 2326 mentio
355 2288 404 2326 de
429 2286 702 2338 inquisitione
726 2285 919 2325 facienda
943 2298 969 2324 a
994 2284 1181 2336 parocho
1208 2283 1318 2323 circa
1344 2282 1660 2333 impedimenta,
1686 2294 1797 2332 quae

174 2352 320 2390 fonsan
367 2356 503 2390 extent
549 2351 756 2390 adversus
798 2348 1115 2388 matrimonium
1159 2347 1475 2394 celebrandum,
1521 2344 1796 2397 inquisitione

177 2416 287 2455 circa
313 2429 454 2454 mores
481 2415 629 2466 populi
654 2415 708 2453 ab
740 2414 956 2465 Episcopo
986 2412 1026 2452 in
1055 2412 1293 2452 visitatione
1323 2411 1546 2458 dioecesis,
1578 2409 1797 2462 inquisitio

176 2478 286 2518 circa
318 2478 588 2529 disciplinam
618 2484 705 2517 tum
738 2478 777 2516 in
809 2476 918 2517 dicta
951 2476 1190 2523 occasione,
1223 2481 1310 2515 tum
1338 2489 1363 2514 a
1398 2473 1701 2525 Superioribus
1732 2485 1797 2512 re-

175 2542 427 2594 ligiosorum
471 2542 509 2580 in
552 2541 790 2581 visit-atione
835 2542 1059 2581 domorum
1102 2540 1320 2586 canonica,
1366 2538 1584 2591 inquisitio
1626 2537 1728 2576 fidei
1772 2550 1794 2576 a

177 2607 335 2658 Congr.
375 2606 416 2645 S.
454 2605 590 2645 Officii
626 2606 736 2645 circa
766 2619 938 2645 errores
971 2610 1115 2645 contra
1149 2617 1288 2656 ipsam
1319 2610 1360 2643 et
1393 2603 1504 2643 circa
1540 2603 1719 2643 abusum
1753 2602 1794 2641 in

175 2670 540 2710 administratione
588 2670 848 2709 Sacramenti
893 2669 1197 2709 poenitentiae.
1248 2668 1330 2708 Sed
1374 2666 1665 2720 inscriptionis
1708 2679 1796 2705 ma-

174 2735 278 2775 teria
309 2741 374 2774 est
407 2734 625 2786 inquisitio
660 2734 769 2773 circa
804 2734 954 2774 delicta
991 2733 1163 2785 proprie
1198 2733 1238 2772 in
1273 2733 1363 2772 iure
1396 2731 1687 2772 ecclesiastico
1723 2744 1798 2783 ap-

177 2799 346 2850 pellata.
