1914 3083
157 79 225 113 236
595 78 682 111 Lm.
714 77 780 112 lV.
813 96 827 101 -
855 76 963 110 PARS

156 207 282 230 sorem
323 194 426 230 tradi
471 193 599 238 possit
635 204 702 227 reo
741 196 940 227 convento

155 243 300 277 scheda
327 242 527 282 citatorio,
557 240 707 285 poterit
734 240 845 274 iussu
881 240 939 274 iu-

156 290 259 323 dicis
311 288 530 323 transmitti
584 299 652 331 per
706 287 940 321 tabellarios

156 336 350 380 publicos
401 335 617 368 dummodo
660 334 939 368 commend-ita

154 391 193 417 et
221 395 308 417 cum
338 394 471 427 srngra
462 382 566 435 «111111
592 381 850 425 receptionis,
873 382 937 415 vel

152 430 233 465 ¹ilio
285 429 402 463 niodo
449 429 517 473 qui
562 428 781 463 secundum
833 429 936 462 loco-

153 489 239 511 rum
280 477 329 511 1(
320 489 388 521 νυ
419 481 460 510 et
494 476 750 510 conditiones
785 476 938 510 tutissi-

154 536 241 558 mus
268 524 334 558 sit.

200 573 300 605 CAN.
332 572 435 604 1720.
465 590 477 595 -
505 574 521 612 §x
557 573 589 604 1.
632 570 808 614 Quoties,
847 570 937 604 dili-

151 618 262 663 genti
300 617 567 661 inquisitione
594 621 767 661 peracta,
807 617 937 652 adhuc

153 667 366 711 ignoratur
409 665 475 698 ubi
527 669 794 699 commoretur
829 676 933 709 reus,

150 714 262 747 locus
288 716 349 747 est
374 712 562 747 cit-itioni
592 724 662 757 per
688 712 878 746 edict1.1m

198 764 214 801 ‚t
240 762 274 794 3.
306 760 386 793 Hoc
414 765 548 794 autem
578 763 620 794 tit
648 759 845 804 iffigendo
864 771 935 803 per

150 819 348 841 9111··501(111
377 807 427 841 ·1(1
456 807 560 841 fores
583 807 723 841 01111119
748 807 934 841 schedam

150 855 360 889 citationis
403 854 452 888 ·1(1
495 855 656 888 1110(111111
700 854 822 890 edicti
865 865 936 898 pei

151 906 309 945 tempus
352 902 540 945 prudenti
581 902 727 936 iudicis
766 901 935 936 arbitrio

149 949 499 983 determinandum
527 953 566 983 et
606 949 647 982 in
687 949 825 993 aliqua
864 961 932 994 pu-

148 997 254 1030 blica
281 996 538 1040 ephemeride
566 1008 652 1031 eam
691 997 932 1041 inserendo,

148 1044 180 1078 si
209 1055 304 1078 vero
331 1050 544 1087 utrumque
571 1044 657 1078 fieri
676 1048 862 1088 nequeat,
880 1044 934 1078 31-

148 1096 342 1125 terutrum
371 1091 554 1126 sufficiet.

194 1140 294 1172 CAN.
326 1139 428 1172 1721.
458 1157 471 1163 -
497 1143 512 1181 gi
540 1141 559 1172 1
587 1138 744 1182 Cursor,
773 1150 862 1172 cum
888 1139 930 1173 in

147 1197 266 1219 manu
292 1185 349 1219 rei
377 1186 567 1220 conventi
596 1186 804 1221 citationis
823 1186 931 1220 59119-

147 1233 237 1267 (13111
265 1232 474 1276 relinquit,
519 1234 641 1268 debet
678 1245 764 1268 eam
804 1234 931 1268 subsi-

144 1291 279 1324 gnare,
308 1279 514 1314 adnotatis
541 1281 607 1315 die
649 1286 690 1316 et
716 1281 814 1315 hora
853 1293 931 1326 qua

146 1339 212 1361 reo
239 1327 387 1361 tradita
415 1332 489 1361 est.

191 1378 206 1415 gi
233 1376 267 1408 2.
298 1374 407 1409 Idem
435 1379 601 1420 peragat
627 1376 658 1410 si
688 1387 776 1410 eam
807 1376 928 1410 relin-

145 1426 242 1465 quat
267 1422 309 1455 in
335 1423 521 1456 manibus
547 1423 719 1457 alicuius
746 1422 930 1458 (191111111-

146 1469 202 1503 lia
229 1474 298 1504 aut
325 1470 524 1504 famulatu
551 1471 607 1505 rei
636 1471 842 1515 conventi,
863 1472 930 1506 ad-

145 1516 230 1550 dito
258 1517 422 1561 insuper
448 1518 609 1553 nomine
636 1530 829 1563 personae
865 1519 927 1554 cui

146 1564 333 1598 schedam
363 1564 546 1599 tradidit.

190 1615 206 1652 ᾗ
232 1612 266 1645 3.
296 1611 335 1645 Si
362 1612 502 1646 citatio
529 1614 599 1647 fiat
626 1624 695 1657 per
733 1613 924 1659 edictum,

145 1669 280 1692 cursor
307 1659 347 1692 in
375 1660 498 1694 edicti
532 1661 640 1694 calce
679 1661 813 1706 signet
851 1673 929 1706 qua

143 1706 207 1739 die
235 1709 275 1740 et
312 1706 409 1741 liora
451 1707 628 1742 edictum
671 1709 830 1743 affixum
877 1710 928 1744 ad

143 1753 249 1787 fores
277 1754 417 1788 Curiae
447 1755 571 1790 fuerit
596 1760 635 1790 et
663 1757 843 1799 quandiu
869 1758 926 1792 af·

141 1802 262 1834 fixum
292 1802 496 1836 manserit.

190 1849 266 1889 254.
298 1848 337 1882 si
377 1860 468 1883 reus
506 1850 778 1894 receptionem
819 1852 927 1886 sche-

141 1895 212 1928 dae
240 1900 409 1938 recuset,
438 1908 574 1931 cursor
591 1898 777 1932 schedam
799 1899 925 1943 ipsam

248 1996 354 2031 205.
406 1998 650 2042 Inscriptio
697 1999 884 2044 Capitis.

991 76 1021 109 Ι.
1051 96 1064 100 -
1092 76 1149 111 De
1174 76 1330 110 iudiciis

1013 193 1302 238 subsignatum,
1339 192 1480 227 addita
1513 193 1579 227 die
1621 197 1662 228 et
1698 194 1797 230 hora,

1012 241 1291 284 recusationis,
1320 240 1446 274 iudici
1472 240 1667 275 remittat.

1061 288 1161 322 CAN.
1191 290 1296 322 1722.
1337 307 1350 313 -
1393 291 1409 329 ᾧ
1448 289 1481 321 1.
1511 288 1657 323 Cursor
1694 299 1795 332 quae

1011 336 1169 380 peregit
1194 336 1245 370 ad
1264 335 1438 370 iudicem
1458 336 1608 370 referat
1625 336 1667 370 in
1702 337 1796 371 scri-

1011 383 1093 426 ptis
1142 394 1263 417 manu
1313 382 1475 427 propria
1531 383 1792 429 subsignatis,

1012 441 1113 474 (11139
1140 430 1183 464 111
1210 429 1313 465 actis
1339 434 1563 464 serventur.

1058 478 1135 519 552.
1181 477 1220 512 Si
1260 489 1331 521 per
1368 477 1672 512 tabellariorum
1713 478 1794 513 offi-

1011 524 1116 558 cium
1144 525 1285 559 citatio
1313 524 1624 569 transmittatur,
1670 536 1794 560 asser—

1010 575 1128 606 vetur
1153 572 1194 606 in
1215 572 1317 606 actis
1335 571 1434 606 fides
1452 572 1630 607 eiusdem
1651 573 1791 607 officii.

1058 619 1158 653 CAN.
1187 620 1292 653 1723.
1322 640 1335 645 -
1362 619 1401 653 Si
1429 619 1576 654 scheda
1605 620 1795 655 citatoria

1009 677 1089 700 non
1139 667 1290 701 referat
1315 677 1418 711 quae
1468 667 1510 701 in
1560 678 1647 702 can.
1701 668 1794 702 1715

1008 714 1337 758 praescribuntur
1362 718 1434 749 aut
1458 725 1537 748 non
1578 715 1702 749 fuerit
1738 715 1793 750 19-

1008 761 1151 806 gitnne
1177 761 1379 806 intimata,
1409 762 1562 796 nullius
1600 763 1792 798 momenti

1008 813 1102 843 sunt
1114 813 1194 843 tum
1212 809 1354 843 citatio
1370 813 1453 843 tum
1468 814 1558 843 acta
1567 819 1788 854 processus.

1054 856 1154 891 CAN.
1197 858 1302 891 1724.
1343 877 1356 881 -
1394 857 1570 901 Regulae
1609 857 1793 902 superius

1007 907 1185 938 stat-ntae
1212 915 1282 948 pro
1309 904 1366 938 rei
1393 904 1602 949 citatione,
1648 905 1794 940 ceteris

1005 962 1163 995 quoque
1190 951 1329 985 iudicii
1352 951 1522 996 actibus,
1538 963 1610 996 pro
1630 953 1792 987 diversa

1006 1002 1141 1033 tamen
1168 1010 1305 1033 eorum
1332 1003 1488 1042 natura,
1532 1000 1792 1035 accomodan-

1008 1046 1082 1080 dae
1109 1050 1149 1081 et
1174 1046 1438 1091 applicandae
1465 1052 1571 1091 sunt,
1594 1051 1639 1081 ut
1657 1048 1790 1082 decre-

1006 1098 1138 1128 torum
1165 1094 1231 1128 vel
1259 1094 1550 1128 sententiarum
1578 1094 1790 1130 denuntia-

1006 1141 1108 1175 tioni
1135 1141 1307 1185 aliisque
1334 1141 1581 1176 huiusmodi.

1053 1189 1153 1223 CAN.
1184 1190 1287 1223 1722).
1317 1188 1453 1223 -Cum
1480 1189 1623 1223 citatio
1654 1189 1789 1234 legiti—

1003 1247 1066 1270 me
1084 1247 1167 1280 per
1157 1240 1245 1270 acta
1266 1236 1390 1270 fuerit
1407 1240 1478 1270 aut
1495 1240 1629 1281 partes
1648 1240 1790 1281 sponte

1004 1283 1045 1317 111
1073 1283 1271 1317 111(119111111
1298 1284 1511 1318 veneiint:

1099 1333 1132 1364 1.
1137 1331 1151 1352 ⁰
1177 1331 1254 1365 Res
1281 1331 1432 1366 desinit
1458 1342 1544 1366 esse
1570 1331 1754 1376 integ1a;

1098 1378 1152 1412 2.⁰
1177 1378 1305 1413 Causa
1330 1379 1376 1413 tit
1403 1379 1563 1423 propria
1589 1378 1703 1413 illius
1729 1379 1788 1413 111-

1003 1425 1107 1460 (11915
1150 1429 1220 1460 aut
1262 1426 1493 1471 tribunalis,
1535 1437 1667 1460 coram
1710 1437 1788 1470 quo

1003 1473 1107 1507 actio
1134 1473 1326 1508 instituta
1352 1478 1437 1519 est3

1097 1521 1151 1555 3.⁰
1189 1522 1234 1555 In
1273 1521 1407 1556 iudice
1450 1521 1636 1565 delegato
1672 1520 1788 1555 firma

1001 1568 1187 1602 redditur
1212 1569 1442 1603 iurisdictio
1468 1569 1526 1603 ita
1552 1571 1597 1602 ut
1622 1579 1702 1602 non
1721 1579 1786 1603 ex-

1002 1615 1128 1659 spiret
1155 1617 1332 1651 resoluto
1358 1617 1446 1651 iure
1473 1616 1723 1660 delegantis,

1095 1663 1149 1697 4.⁰
1174 1664 1487 1708 Interrumpitur
1504 1662 1783 1708 praescriptio,

1001 1710 1079 1745 nisi
1106 1711 1219 1745 aliud
1245 1715 1407 1746 cautum
1434 1712 1500 1750 sit,
1528 1711 1579 1745 ad
1604 1721 1784 1745 normam

1001 1769 1088 1792 can.
1119 1760 1235 1803 15083

1095 1807 1149 1840 5.0
1166 1806 1235 1840 Lis
1247 1806 1423 1850 pendere
1441 1805 1588 1850 incipit
1604 1818 1612 1849 ;
1633 1808 1673 1839 et
1690 1804 1784 1839 ideo

1001 1853 1139 1887 statim
1181 1854 1311 1888 locum
1350 1854 1472 1888 habet
1509 1852 1780 1897 principium:

1002 1916 1017 1931 «
1041 1901 1104 1935 lite
1123 1902 1326 1946 pendente,
1355 1901 1455 1936 nihil
1481 1902 1683 1935 'innovetur
1703 1915 1733 1934 ».

939 2021 990 2024 —
1036 1997 1355 2049 Consequentffl·
1401 1998 1539 2050 primo
1585 1999 1775 2050 sequitur

150 2053 285 2105 vaput
316 2056 351 2093 ll
383 2062 555 2108 propter
582 2057 902 2109 inscriptionem
928 2060 1036 2107 eiu-s,
1065 2075 1172 2112 quae
1202 2068 1262 2101 est
1292 2064 1352 2101 Dc
1380 2062 1591 2110 citatione,
1624 2078 1695 2103 seu
1726 2064 1767 2103 in

147 2116 212 2156 ius
246 2118 480 2165 vocatione,
516 2134 623 2171 quae
657 2121 831 2172 proprie
866 2129 1032 2175 sumpta
1065 2130 1105 2163 et
1139 2124 1179 2163 in
1215 2138 1368 2176 genere
1403 2131 1464 2165 est
1497 2126 1766 2167 «Decretum

149 2180 314 2225 iudici-s,
358 2196 441 2233 quo
483 2184 596 2223 iubet
634 2184 823 2237 aliquam
865 2200 1094 2239 personam
1136 2202 1383 2240 comparere
1427 2191 1540 2243 apud
1581 2191 1767 2233 tribunal

147 2258 272 2283 931151
304 2245 506 2285 111191·;955(
501 2248 582 2287 11(11
613 2249 722 2288 actui
753 2249 939 2290 iudiciali
964 2266 1000 2299 »‚
1034 2253 1107 2292 sed
1136 2253 1252 2294 iuxta
1284 2261 1525 2296 contextum
1555 2270 1765 2298 canonum

148 2314 411 2363 sequentium
445 2328 627 2366 peisona
661 2322 807 2357 vocata
842 2331 917 2369 per
950 2318 1175 2359 Decretum
1208 2326 1269 2360 est
1301 2334 1399 2361 19115
1428 2327 1469 2361 et
1503 2322 1608 2363 imis
1637 2337 1766 2376 expe-

147 2374 286 2414 1iundi
318 2391 461 2416 931153

254 2440 386 2487 Ifritur
409 2455 506 2480 cum
534 2442 612 2482 hoc
639 2443 707 2483 fiat
739 2458 813 2495 per
842 2446 1065 2486 Decretum
1090 2454 1130 2488 et
1157 2449 1210 2488 ad
1236 2449 1362 2490 huius
1388 2451 1587 2493 effectum
1614 2453 1764 2494 debeat

147 2506 308 2546 iussum
346 2522 554 2559 personae
591 2518 763 2552 vocatae
801 2513 1000 2562 intimari,
1040 2517 1295 2569 quandoque
1333 2517 1374 2557 in
1412 2518 1687 2571 sequentibus
1723 2534 1761 2560 v.

147 2584 209 2621 gr.
242 2585 280 2609 111
311 2586 400 2611 cun.
436 2576 535 2613 1716
563 2574 703 2614 citatio
733 2577 927 2629 designat
956 2579 1211 2630 scripturam
1239 2595 1313 2621 seu
1343 2583 1544 2624 schedam
1574 2598 1593 2624 3
1627 2584 1763 2625 iudice

144 2640 292 2679 saltem
329 2641 613 2692 subscriptam
651 2643 691 2681 in
728 2658 807 2695 qua
846 2645 982 2696 ipsius
1018 2646 1180 2686 iussum
1217 2648 1468 2697 continetur,
1504 2650 1761 2702 quandoque

146 2709 299 2750 autem,
330 2704 433 2743 sicut
463 2705 502 2744 in
529 2719 623 2745 can.
657 2709 771 2755 1721,
801 2707 817 2751 ἓ
843 2711 867 2747 2
895 2709 1036 2749 citatio
1065 2711 1243 2751 sumitur
1272 2726 1350 2764 pro
1380 2713 1451 2753 illa
1480 2713 1758 2763 intimatione,

140 2784 247 2821 quae
277 2788 296 2809 «
321 2772 632 2813 denunciatio»
663 2774 703 2812 in
734 2774 822 2814 iure
853 2776 1106 2826 appellatur.
1136 2802 1189 2806 —
1218 2777 1279 2818 Ex
1309 2779 1583 2830 ampliatione
1613 2779 1758 2820 huius-

141 2835 252 2873 modi
282 2836 619 2877 dcnunciationis
649 2839 881 2878 serxandae
910 2839 1016 2879 alias
1045 2840 1085 2879 in
1115 2841 1298 2890 iudiciis,
1330 2856 1457 2894 quam
1484 2850 1636 2897 regunt.
1665 2858 1757 2886 939-
