1914 3083
186 77 256 111 282
631 74 720 107 Lm.
752 73 816 107 lv.
846 92 859 96 -
887 71 995 106 PARS
1022 72 1052 104 1.
1082 91 1095 95 -
1122 57 1181 105 De
1206 69 1361 104 iudicas

193 210 237 233 ac
279 193 373 232 aliis
412 191 738 231 circumstantiis
779 190 837 229 sic
876 188 1149 228 testificantes
1188 188 1296 226 falsa
1335 200 1419 226 non
1459 186 1597 226 dicere
1638 199 1812 237 praesu-

193 264 358 297 mantur
382 271 417 295 ».

304 323 416 360 Idem
446 320 571 359 ctiam
602 319 640 357 in
672 332 765 369 cap.
797 323 820 357 ὅ
847 317 1040 357 eiusdem
1068 315 1143 356 tit.i
1171 316 1211 355 in
1241 319 1282 355 (50
1311 316 1390 357 ait:
1424 332 1443 355 «
1469 315 1581 355 Licet
1610 329 1709 355 vero
1741 329 1811 367 pe-

192 386 294 425 riuri
330 399 350 423 a
387 383 628 423 testimonio
663 382 788 421 etiam
823 387 918 432 post
953 380 1254 432 poenitentiam
1290 380 1564 431 1·epellantur;
1603 379 1636 418 si
1674 385 1809 419 tamen

194 450 222 488 ii
247 450 316 501 qui
343 462 487 487 coram
512 446 836 498 inquisitoribi¹s
862 446 1049 484 iurantes
1075 451 1159 484 tam
1186 445 1235 484 de
1262 458 1305 483 se
1332 458 1459 496 quam
1486 444 1535 484 de
1562 444 1657 483 aliis
1682 457 1811 495 super

193 516 304 553 sacto
336 511 524 551 haeresis
555 511 694 551 dicere
725 510 957 556 veritatem,
987 523 1083 549 eam
1113 509 1289 549 celando
1322 509 1523 556 deierent,
1557 515 1595 548 et
1626 514 1814 560 postmo-

195 578 294 617 dum
319 576 446 615 velint
472 575 685 626 corrigere
712 574 868 613 dictum
895 586 1032 619 suum,
1061 578 1205 612 contra
1232 586 1275 612 se
1302 586 1349 611 ac
1376 572 1484 611 alios
1505 585 1611 612 suo-s
1639 572 1814 624 compli—

195 655 264 681 ces
293 640 569 691 deponendo:
602 653 696 678 cum
726 638 882 678 crimen
913 637 1157 677 huiusmodi
1187 636 1239 676 sit
1266 642 1506 687 exceptum
1535 636 1573 676 si
1599 650 1653 676 ex
1683 635 1816 675 mani-

195 705 315 745 fest-is
344 704 512 744 indiciis
541 703 788 756 apparuerit
816 702 922 741 tales
952 715 1033 740 non
1065 700 1193 740 animi
1223 700 1404 747 levitate,
1438 705 1506 739 aut
1537 699 1621 740 odii
1651 699 1813 746 fomite,

196 783 269 810 5011
299 769 570 819 corruptione
601 767 827 819 pecuniae:
858 767 935 805 :sed
965 766 1054 805 zelo
1084 765 1181 805 fidei
1213 765 1474 805 orthodoxae
1505 764 1662 804 dietum
1692 776 1814 803 suum

195 834 301 874 10110
333 834 562 886 corrigere,
595 847 642 872 ac
673 833 798 871 modo
829 845 936 883 quae
968 830 1087 882 prius
1115 835 1348 877 tacuerant,
1382 829 1593 869 revelare:
1628 829 1667 867 in
1699 828 1816 867 savo-

196 913 285 938 rem
325 898 436 945 fidei,
476 897 557 936 nisi
595 897 710 936 aliud
750 895 940 943 obsistat,
978 895 1083 935 stari
1122 895 1242 934 debet
1281 900 1366 934 tam
1405 899 1549 934 contra
1586 907 1649 940 se,
1689 906 1816 945 quam

199 969 343 1003 contra
372 962 561 1014 reliquos
589 960 929 1000 attestationibus
955 959 1204 999 >eorumdem
1227 973 1263 998 )).

307 1027 497 1078 Denique
530 1027 674 1065 Innoc.
709 1025 769 1065 III
802 1024 861 1064 sic
893 1024 1032 1075 arguit
1062 1024 1102 1062 in
1135 1037 1227 1074 cap.
1261 1025 1312 1062 212
1343 1023 1436 1063 «de
1469 1023 1672 1062 sententia
1702 1028 1742 1062 et
1772 1035 1818 1061 re

199 1092 382 1132 iudicata
406 1108 426 1131 »
452 1091 525 1141 (II,
552 1092 619 1137 27)
644 1091 696 1130 X:
726 1104 746 1128 «
768 1089 864 1129 licet
890 1090 1095 1128 adversus
1121 1088 1317 1128 abbatem
1342 1102 1424 1127 non
1450 1087 1673 1127 debuerint
1699 1101 1820 1127 cons-

199 1157 409 1208 piratores
448 1155 624 1201 admitti,
665 1155 898 1193 iuramenta
936 1160 1075 1193 tamen
1113 1153 1306 1205 ipsorum
1343 1153 1393 1192 de
1429 1152 1602 1192 veritate
1638 1152 1818 1192 dicenda

200 1234 328 1272 super
357 1225 468 1259 statu
503 1219 639 1270 ipsius
670 1218 802 1269 recipi
837 1223 1086 1269 potuerunt:
1122 1222 1165 1256 ut
1195 1230 1271 1268 per
1304 1216 1497 1268 ipsorum
1530 1216 1655 1264 dicta,
1688 1229 1820 1267 super

200 1285 295 1325 aliis
320 1285 426 1324 fides
449 1284 586 1337 possit
608 1283 770 1329 haberi,
797 1296 904 1335 quae
931 1283 1126 1322 abbatem
1150 1282 1321 1321 minime
1349 1281 1671 1334 contingebant:
1701 1295 1822 1332 prae-

201 1350 344 1389 sertim
378 1363 472 1389 cum
504 1355 600 1388 tunc
633 1348 861 1400 probatum
892 1361 975 1386 non
1006 1352 1134 1394 esset,
1170 1360 1243 1386 eos
1278 1346 1595 1398 conspiratores
1626 1347 1758 1385 fuisse
1781 1359 1818 1385 ».

309 1414 386 1454 His
421 1427 662 1453 consonans
698 1413 841 1452 statuit
876 1425 1034 1452 canon:
1073 1412 1169 1451 Non
1206 1412 1347 1451 idonei
1379 1417 1508 1452 testes
1545 1416 1581 1450 el
1617 1411 1820 1463 suspecti,

205 1492 313 1530 quos
347 1491 493 1517 011111οι5
527 1477 737 1517 recensuit
771 1490 862 1516 ean.
902 1479 1000 1516 1757
1036 1476 1112 1516 sub
1147 1475 1183 1519 §§
1220 1478 1236 1515 1
1270 1482 1311 1516 et
1344 1477 1383 1523 2,
1417 1481 1459 1515 et
1493 1475 1520 1514 ii
1556 1475 1824 1515 solummodo

204 1542 343 1581 audiri
370 1545 582 1593 poterunt,
612 1554 696 1580 non
725 1541 917 1580 obstante
946 1540 1051 1580 iuris
1079 1540 1258 1592 praefati
1287 1540 1476 1591 repulsa,
1507 1543 1547 1589 a)
1577 1554 1628 1579 ezr
1656 1539 1823 1578 decreto

205 1607 353 1646 iudicis
380 1607 430 1646 de
455 1619 711 1657 unoquoque
736 1604 979 1645 huiusmodi
1003 1610 1123 1652 teste,
1149 1605 1192 1655 b)
1219 1619 1301 1655 quo
1328 1605 1370 1644 id
1394 1617 1568 1655 nempe:
1598 1620 1618 1643 «
1643 1603 1779 1643 audiri
1803 1619 1823 1642 »

203 1672 403 1722 expedire
441 1671 696 1718 declaratur,
736 1683 844 1722 quae
883 1669 1113 1709 declaratio
1151 1669 1274 1708 debet
1309 1683 1404 1708 esse
1444 1668 1587 1708 innixa
1627 1668 1822 1720 prudenti

204 1734 518 1787 probabilitate3
541 1734 604 1774 vis
624 1740 763 1773 tamen
785 1734 933 1773 talium
955 1732 1269 1773 attestationum
1291 1733 1332 1772 in
1355 1732 1643 1773 ecclesiastico
1666 1731 1825 1772 iudicio

206 1799 403 1839 definitur
423 1799 701 1850 sequentibus
724 1798 888 1838 verbis:
914 1799 990 1837 sed
1013 1801 1053 1846 a)
1077 1812 1223 1837 corum
1244 1797 1514 1849 singulorum
1540 1798 1823 1837 testimouium

208 1864 359 1902 calebit
392 1863 432 1901 in
465 1876 591 1902 causa
624 1862 913 1901 tantummodo
947 1866 987 1901 ut
1022 1862 1223 1901 indicium
1254 1861 1442 1901 veritatis
1472 1862 1572 1901 sacti
1606 1866 1642 1901 et
1674 1861 1839 1912 proba-v

206 1927 331 1967 tionis
368 1927 538 1966 aliunde
575 1926 780 1978 petendae
816 1926 1122 1965 adminiculum
1154 1926 1335 1964 eandem
1371 1925 1671 1972 corroborans,
1711 1930 1747 1964 et
1783 1925 1827 1973 b)

206 1992 454 2043 [Ιαηει-αἰὶιη,
489 1992 602 2043 quod
636 1991 770 2030 innuit
803 1989 1095 2042 exceptionem
1129 1990 1290 2030 admitti
1325 1990 1539 2042 sequentis
1573 1989 1826 2042 praescripti

208 2057 378 2095 iniurati.
402 2056 644 2102 audiantur,
672 2069 766 2095 cum
790 2056 938 2107 regula
965 2055 1017 2095 sit
1043 2070 1063 2094 «
1086 2054 1204 2094 testis
1230 2054 1438 2094 iniuratus
1465 2055 1592 2094 fidem
1618 2068 1701 2094 non
1729 2054 1827 2094 facit

208 2121 321 2172 apud
359 2120 540 2159 iudicem
564 2135 599 2159 ».
638 2120 770 2159 Yalor
806 2118 996 2159 innititur
1034 2119 1250 2171 praefatae
1288 2119 1485 2171 prudenti
1523 2118 1827 2170 probabilitati,

209 2183 384 2223 011115510
420 2184 641 2223 iuramenti
677 2189 738 2223 est
775 2182 1054 2235 praescripta,
1091 2197 1141 2222 ne
1178 2183 1426 2222 deierationi
1463 2196 1610 2223 ansam
1645 2188 1829 2235 praestet

211 2261 361 2287 canon.

305 2363 433 2403 Am.
468 2362 532 2403 II.
568 2389 621 2394 -
654 2361 698 2403 A
733 2363 912 2417 quibus,
945 2362 1179 2416 quomodo,
1209 2367 1251 2404 et
1282 2367 1387 2416 quot
1419 2367 1545 2404 testes
1577 2362 1748 2418 induci,

739 2438 780 2475 et
813 2434 891 2489 qui
922 2433 1098 2475 excludi
1123 2433 1316 2488 possint.

255 2543 355 2578 CAN.
378 2544 483 2578 1759.
504 2563 518 2568 -
537 2547 552 2585 ᾧ
572 2546 605 2578 1.
635 2544 776 2580 Testes
810 2556 832 2579 a
870 2544 993 2589 parti-
1055 2545 1222 2580 noribus
1247 2545 1575 2590 aequiparantur,
1604 2548 1645 2579 et
1678 2556 1841 2590 genera-

208 2592 283 2625 bus
310 2590 1128 2627 i11dueuntu1.tin1
1167 2592 1326 2636 quoties
1360 2593 1568 2637 publicum
1610 2593 1758 2627 bonum
1798 2592 1842 2626 id

257 2642 273 2674 ς)
299 2640 334 2672 2.
375 2637 550 2672 Possunt
593 2649 750 2683 quoque
789 2639 926 2673 induci
970 2650 993 2674 a
1055 2639 1206 2684 exigat,
1234 2643 1370 2684 potest
1395 2643 1522 2675 testes
1547 2651 1595 2674 ex
1622 2639 1753 2675 officio
1784 2639 1843 2673 in-

209 2688 435 2731 promotore
470 2685 653 2720 iustitiae
696 2690 736 2720 et
779 2686 992 2721 defensore
1056 2687 1216 2721 (1110010.

209 2732 378 2775 vinculi,
409 2732 441 2766 5-1
470 2733 512 2767 id
538 2733 589 2767 ad
615 2744 775 2768 eausun
813 2733 1120 2775 inte1sit.§
1145 2735 1181 2768 4.
1212 2733 1320 2778 Pars,
1350 2745 1451 2777 quae
1477 2738 1623 2769 testem
1664 2733 1840 2780 induxit,

258 2785 274 2818 t
301 2781 336 2814 3.
366 2780 443 2814 Sed
470 2780 554 2825 ipse
573 2781 708 2825 iudex,
730 2781 913 2834 quoties
905 2792 995 2825 ‘ig-t·
1056 2785 1192 2825 potest
1233 2780 1320 2815 eius
1363 2781 1539 2816 examini
1578 2781 1841 2827 renunciare;

226 2840 276 2863 ur
301 2827 351 2862 de
379 2827 603 2863 minoribus
629 2828 773 2863 aliisxe
817 2828 884 2872 qui
924 2828 996 2862 mi-
1057 2828 1128 2863 sed
1163 2828 1421 2863 adversarius
1462 2829 1668 2873 postulare
1710 2831 1845 2872 potest
