<?xml version="1.0" encoding="UTF-8"?>
<!DOCTYPE html PUBLIC "-//W3C//DTD XHTML 1.0 Transitional//EN"
    "http://www.w3.org/TR/xhtml1/DTD/xhtml1-transitional.dtd">
<html xmlns="http://www.w3.org/1999/xhtml" xml:lang="en" lang="en">
 <head>
  <title>
</title>
<meta http-equiv="Content-Type" content="text/html;charset=utf-8" />
  <meta name='ocr-system' content='tesseract 3.04.00' />
  <meta name='ocr-capabilities' content='ocr_page ocr_carea ocr_par ocr_line ocrx_word'/>
</head>
<body>
  <div class='ocr_page' id='page_1' title='image "./commentariumtext04blatuoft_0202.png"; bbox 0 0 1914 3083; ppageno 0'>
   <div class='ocr_carea' id='block_1_1' title="bbox 214 83 1843 120">
    <p class='ocr_par' dir='ltr' id='par_1_1' title="bbox 214 83 1843 120">
     <span class='ocr_line' id='line_1_1' title="bbox 214 83 1843 120; baseline 0.003 -5"><span class='ocrx_word' id='word_1_1' title='bbox 214 84 282 116; x_wconf 71' lang='lat'>192</span> <span class='ocrx_word' id='word_1_2' title='bbox 666 84 753 116; x_wconf 74' lang='lat' dir='ltr'>Lm.</span> <span class='ocrx_word' id='word_1_3' title='bbox 785 83 850 116; x_wconf 75' lang='lat' dir='ltr'>IV.</span> <span class='ocrx_word' id='word_1_4' title='bbox 880 103 892 107; x_wconf 95' lang='lat'><em>-</em></span> <span class='ocrx_word' id='word_1_5' title='bbox 921 83 1028 116; x_wconf 49' lang='lat' dir='ltr'>Pius·</span> <span class='ocrx_word' id='word_1_6' title='bbox 1056 84 1085 116; x_wconf 82' lang='lat'>1.</span> <span class='ocrx_word' id='word_1_7' title='bbox 1116 103 1128 108; x_wconf 95' lang='lat'>-</span> <span class='ocrx_word' id='word_1_8' title='bbox 1163 83 1213 116; x_wconf 75' lang='lat' dir='ltr'>De</span> <span class='ocrx_word' id='word_1_9' title='bbox 1242 83 1395 117; x_wconf 66' lang='lat' dir='ltr'>iudiciis</span> <span class='ocrx_word' id='word_1_10' title='bbox 1626 84 1722 119; x_wconf 78' lang='lat' dir='ltr'>Can.</span> <span class='ocrx_word' id='word_1_11' title='bbox 1751 85 1843 120; x_wconf 84' lang='lat'>1676</span> 
     </span>
    </p>
   </div>
   <div class='ocr_carea' id='block_1_2' title="bbox 217 201 1851 2683">
    <p class='ocr_par' dir='ltr' id='par_1_2' title="bbox 217 201 1849 1605">
     <span class='ocr_line' id='line_1_2' title="bbox 326 201 1837 254; baseline 0.001 -12"><span class='ocrx_word' id='word_1_12' title='bbox 326 203 388 242; x_wconf 86' lang='lat' dir='ltr'>Ex</span> <span class='ocrx_word' id='word_1_13' title='bbox 430 203 507 242; x_wconf 87' lang='lat' dir='ltr'>hac</span> <span class='ocrx_word' id='word_1_14' title='bbox 550 201 728 241; x_wconf 87' lang='lat' dir='ltr'>iuridica</span> <span class='ocrx_word' id='word_1_15' title='bbox 770 201 1039 241; x_wconf 87' lang='lat' dir='ltr'>nunciatione</span> <span class='ocrx_word' id='word_1_16' title='bbox 1084 202 1289 254; x_wconf 80' lang='lat' dir='ltr'>sequitur⁷</span> <span class='ocrx_word' id='word_1_17' title='bbox 1334 203 1448 254; x_wconf 89' lang='lat' dir='ltr'>quod</span> <span class='ocrx_word' id='word_1_18' title='bbox 1491 202 1526 242; x_wconf 90' lang='lat' dir='ltr'>si</span> <span class='ocrx_word' id='word_1_19' title='bbox 1569 203 1837 244; x_wconf 85' lang='lat' dir='ltr'>verificentur</span> 
     </span>
     <span class='ocr_line' id='line_1_3' title="bbox 217 265 1836 317; baseline 0 -10"><span class='ocrx_word' id='word_1_20' title='bbox 217 267 481 307; x_wconf 85' lang='lat' dir='ltr'>conditiones</span> <span class='ocrx_word' id='word_1_21' title='bbox 537 266 775 305; x_wconf 68' lang='lat' dir='ltr'>declaratae</span> <span class='ocrx_word' id='word_1_22' title='bbox 830 265 970 317; x_wconf 89' lang='lat' dir='ltr'>quoad</span> <span class='ocrx_word' id='word_1_23' title='bbox 1026 265 1168 305; x_wconf 90' lang='lat' dir='ltr'>damni</span> <span class='ocrx_word' id='word_1_24' title='bbox 1224 265 1568 317; x_wconf 73' lang='lat' dir='ltr'>probabilitatem</span> <span class='ocrx_word' id='word_1_25' title='bbox 1620 281 1673 307; x_wconf 86' lang='lat' dir='ltr'>ex</span> <span class='ocrx_word' id='word_1_26' title='bbox 1727 281 1836 307; x_wconf 92' lang='lat' dir='ltr'>novo</span> 
     </span>
     <span class='ocr_line' id='line_1_4' title="bbox 220 329 1840 384; baseline 0 -13"><span class='ocrx_word' id='word_1_27' title='bbox 220 346 365 384; x_wconf 78' lang='lat' dir='ltr'>opere,</span> <span class='ocrx_word' id='word_1_28' title='bbox 411 331 540 369; x_wconf 64' lang='lat' dir='ltr'>«sive</span> <span class='ocrx_word' id='word_1_29' title='bbox 586 330 674 369; x_wconf 88' lang='lat' dir='ltr'>iure</span> <span class='ocrx_word' id='word_1_30' title='bbox 718 329 804 369; x_wconf 87' lang='lat' dir='ltr'>sive</span> <span class='ocrx_word' id='word_1_31' title='bbox 848 329 1001 369; x_wconf 88' lang='lat' dir='ltr'>iniuria</span> <span class='ocrx_word' id='word_1_32' title='bbox 1047 330 1207 382; x_wconf 88' lang='lat' dir='ltr'>aliquid</span> <span class='ocrx_word' id='word_1_33' title='bbox 1252 336 1580 378; x_wconf 71' lang='lat' dir='ltr'>construatur»,</span> <span class='ocrx_word' id='word_1_34' title='bbox 1627 331 1704 371; x_wconf 88' lang='lat' dir='ltr'>erit</span> <span class='ocrx_word' id='word_1_35' title='bbox 1747 331 1840 371; x_wconf 87' lang='lat' dir='ltr'>inti-</span> 
     </span>
     <span class='ocr_line' id='line_1_5' title="bbox 222 393 1841 447; baseline 0 -12"><span class='ocrx_word' id='word_1_36' title='bbox 222 396 374 435; x_wconf 87' lang='lat' dir='ltr'>manda</span> <span class='ocrx_word' id='word_1_37' title='bbox 403 410 477 447; x_wconf 85' lang='lat' dir='ltr'>per</span> <span class='ocrx_word' id='word_1_38' title='bbox 505 395 687 434; x_wconf 84' lang='lat' dir='ltr'>iudicem</span> <span class='ocrx_word' id='word_1_39' title='bbox 714 394 858 445; x_wconf 86' lang='lat' dir='ltr'>operis</span> <span class='ocrx_word' id='word_1_40' title='bbox 884 393 1152 445; x_wconf 79' lang='lat' dir='ltr'>interruptio.</span> <span class='ocrx_word' id='word_1_41' title='bbox 1182 395 1229 434; x_wconf 94' lang='lat' dir='ltr'>Id</span> <span class='ocrx_word' id='word_1_42' title='bbox 1257 395 1566 447; x_wconf 75' lang='lat' dir='ltr'>praesupponit</span> <span class='ocrx_word' id='word_1_43' title='bbox 1593 394 1609 439; x_wconf 72' lang='grc' dir='ltr'><strong>ἓ</strong></span> <span class='ocrx_word' id='word_1_44' title='bbox 1636 397 1673 435; x_wconf 76' lang='grc'>2.</span> <span class='ocrx_word' id='word_1_45' title='bbox 1703 396 1744 436; x_wconf 79' lang='lat' dir='ltr'>Is</span> <span class='ocrx_word' id='word_1_46' title='bbox 1773 397 1841 436; x_wconf 86' lang='lat' dir='ltr'>cui</span> 
     </span>
     <span class='ocr_line' id='line_1_6' title="bbox 224 459 1837 510; baseline 0.001 -12"><span class='ocrx_word' id='word_1_47' title='bbox 224 460 414 499; x_wconf 75' lang='lat' dir='ltr'>intimata</span> <span class='ocrx_word' id='word_1_48' title='bbox 459 459 584 509; x_wconf 74' lang='lat' dir='ltr'>suet-it</span> <span class='ocrx_word' id='word_1_49' title='bbox 633 459 881 499; x_wconf 83' lang='lat' dir='ltr'>auctoritate</span> <span class='ocrx_word' id='word_1_50' title='bbox 926 459 1079 499; x_wconf 86' lang='lat' dir='ltr'>iudicis</span> <span class='ocrx_word' id='word_1_51' title='bbox 1121 460 1353 510; x_wconf 78' lang='lat' dir='ltr'>prohibitio</span> <span class='ocrx_word' id='word_1_52' title='bbox 1400 473 1475 510; x_wconf 89' lang='lat' dir='ltr'>per</span> <span class='ocrx_word' id='word_1_53' title='bbox 1519 460 1749 507; x_wconf 90' lang='lat' dir='ltr'>decretum,</span> <span class='ocrx_word' id='word_1_54' title='bbox 1796 465 1837 510; x_wconf 84' lang='lat' dir='ltr'>a)</span> 
     </span>
     <span class='ocr_line' id='line_1_7' title="bbox 219 523 1839 575; baseline 0.001 -13"><span class='ocrx_word' id='word_1_55' title='bbox 219 525 417 563; x_wconf 73' lang='lat' dir='ltr'>‹jrontinuo</span> <span class='ocrx_word' id='word_1_56' title='bbox 449 525 501 563; x_wconf 74' lang='lat' dir='ltr'>ab</span> <span class='ocrx_word' id='word_1_57' title='bbox 533 538 661 574; x_wconf 68' lang='lat' dir='ltr'>opere</span> <span class='ocrx_word' id='word_1_58' title='bbox 691 537 859 563; x_wconf 74' lang='lat' dir='ltr'>cessare</span> <span class='ocrx_word' id='word_1_59' title='bbox 890 523 1027 570; x_wconf 85' lang='lat' dir='ltr'>debet,</span> <span class='ocrx_word' id='word_1_60' title='bbox 1061 523 1116 563; x_wconf 86' lang='lat' dir='ltr'>ita</span> <span class='ocrx_word' id='word_1_61' title='bbox 1147 528 1189 563; x_wconf 91' lang='lat' dir='ltr'>ut</span> <span class='ocrx_word' id='word_1_62' title='bbox 1220 523 1514 575; x_wconf 80' lang='lat' dir='ltr'>prosequutio,</span> <span class='ocrx_word' id='word_1_63' title='bbox 1548 524 1582 563; x_wconf 88' lang='lat' dir='ltr'>si</span> <span class='ocrx_word' id='word_1_64' title='bbox 1614 523 1839 564; x_wconf 87' lang='lat' dir='ltr'>iuridicum</span> 
     </span>
     <span class='ocr_line' id='line_1_8' title="bbox 218 588 1843 639; baseline 0 -11"><span class='ocrx_word' id='word_1_65' title='bbox 218 589 271 629; x_wconf 85' lang='lat' dir='ltr'>sit</span> <span class='ocrx_word' id='word_1_66' title='bbox 311 589 560 630; x_wconf 79' lang='lat' dir='ltr'>institutum.</span> <span class='ocrx_word' id='word_1_67' title='bbox 600 589 790 627; x_wconf 78' lang='lat' dir='ltr'>nullitate</span> <span class='ocrx_word' id='word_1_68' title='bbox 829 588 991 627; x_wconf 84' lang='lat' dir='ltr'>laboret</span> <span class='ocrx_word' id='word_1_69' title='bbox 1031 592 1144 627; x_wconf 81' lang='lat' dir='ltr'>iuxta</span> <span class='ocrx_word' id='word_1_70' title='bbox 1185 601 1278 639; x_wconf 87' lang='lat' dir='ltr'>cap.</span> <span class='ocrx_word' id='word_1_71' title='bbox 1318 590 1343 627; x_wconf 71' lang='lat'>2</span> <span class='ocrx_word' id='word_1_72' title='bbox 1381 588 1505 627; x_wconf 85' lang='lat' dir='ltr'>huius</span> <span class='ocrx_word' id='word_1_73' title='bbox 1543 589 1604 628; x_wconf 89' lang='lat' dir='ltr'>tit.</span> <span class='ocrx_word' id='word_1_74' title='bbox 1646 589 1843 628; x_wconf 76' lang='lat' dir='ltr'>Decreta-</span> 
     </span>
     <span class='ocr_line' id='line_1_9' title="bbox 221 652 1841 705; baseline 0 -13"><span class='ocrx_word' id='word_1_75' title='bbox 221 653 338 699; x_wconf 67' lang='lat' dir='ltr'>liuni,</span> <span class='ocrx_word' id='word_1_76' title='bbox 382 652 471 697; x_wconf 74' lang='lat' dir='ltr'>sed,</span> <span class='ocrx_word' id='word_1_77' title='bbox 514 653 612 705; x_wconf 85' lang='lat' dir='ltr'>quia</span> <span class='ocrx_word' id='word_1_78' title='bbox 655 653 704 692; x_wconf 87' lang='lat' dir='ltr'>dc</span> <span class='ocrx_word' id='word_1_79' title='bbox 748 653 899 691; x_wconf 86' lang='lat' dir='ltr'>iniuria</span> <span class='ocrx_word' id='word_1_80' title='bbox 944 653 1131 691; x_wconf 88' lang='lat' dir='ltr'>nondum</span> <span class='ocrx_word' id='word_1_81' title='bbox 1173 658 1336 691; x_wconf 86' lang='lat' dir='ltr'>constat</span> <span class='ocrx_word' id='word_1_82' title='bbox 1375 658 1415 692; x_wconf 88' lang='lat' dir='ltr'>et</span> <span class='ocrx_word' id='word_1_83' title='bbox 1458 658 1595 704; x_wconf 86' lang='lat' dir='ltr'>potest</span> <span class='ocrx_word' id='word_1_84' title='bbox 1638 653 1841 693; x_wconf 71' lang='lat' dir='ltr'>interesse</span> 
     </span>
     <span class='ocr_line' id='line_1_10' title="bbox 220 717 1844 770; baseline -0.001 -12"><span class='ocrx_word' id='word_1_85' title='bbox 220 718 365 770; x_wconf 84' lang='lat' dir='ltr'>operis</span> <span class='ocrx_word' id='word_1_86' title='bbox 403 718 794 769; x_wconf 67' lang='lat' dir='ltr'>prosequutionem,</span> <span class='ocrx_word' id='word_1_87' title='bbox 835 720 874 767; x_wconf 89' lang='lat' dir='ltr'>a)</span> <span class='ocrx_word' id='word_1_88' title='bbox 914 717 1143 757; x_wconf 79' lang='lat' dir='ltr'>dummodo</span> <span class='ocrx_word' id='word_1_89' title='bbox 1183 718 1331 757; x_wconf 80' lang='lat' dir='ltr'>idonce</span> <span class='ocrx_word' id='word_1_90' title='bbox 1371 731 1444 757; x_wconf 85' lang='lat' dir='ltr'>seu</span> <span class='ocrx_word' id='word_1_91' title='bbox 1480 717 1743 757; x_wconf 57' lang='lat' dir='ltr'>[sufficienter</span> <span class='ocrx_word' id='word_1_92' title='bbox 1778 731 1844 757; x_wconf 76' lang='lat' dir='ltr'>sc-</span> 
     </span>
     <span class='ocr_line' id='line_1_11' title="bbox 221 781 1842 833; baseline 0 -12"><span class='ocrx_word' id='word_1_93' title='bbox 221 783 405 822; x_wconf 91' lang='lat' dir='ltr'>cundum</span> <span class='ocrx_word' id='word_1_94' title='bbox 443 782 594 821; x_wconf 86' lang='lat' dir='ltr'>iudicis</span> <span class='ocrx_word' id='word_1_95' title='bbox 633 781 901 833; x_wconf 76' lang='lat' dir='ltr'>prudentiam</span> <span class='ocrx_word' id='word_1_96' title='bbox 938 785 1098 829; x_wconf 76' lang='lat' dir='ltr'>cureat,</span> <span class='ocrx_word' id='word_1_97' title='bbox 1137 787 1224 820; x_wconf 88' lang='lat' dir='ltr'>tum</span> <span class='ocrx_word' id='word_1_98' title='bbox 1261 781 1466 833; x_wconf 83' lang='lat' dir='ltr'>pecuniae</span> <span class='ocrx_word' id='word_1_99' title='bbox 1504 781 1714 832; x_wconf 80' lang='lat' dir='ltr'>deposito⁷</span> <span class='ocrx_word' id='word_1_100' title='bbox 1755 787 1842 821; x_wconf 82' lang='lat' dir='ltr'>tuni</span> 
     </span>
     <span class='ocr_line' id='line_1_12' title="bbox 221 845 1840 899; baseline -0.001 -13"><span class='ocrx_word' id='word_1_101' title='bbox 221 847 459 899; x_wconf 67' lang='lat' dir='ltr'>hypotheca</span> <span class='ocrx_word' id='word_1_102' title='bbox 492 846 673 885; x_wconf 85' lang='lat' dir='ltr'>aliorum</span> <span class='ocrx_word' id='word_1_103' title='bbox 704 846 929 892; x_wconf 70' lang='lat' dir='ltr'>bonorum,</span> <span class='ocrx_word' id='word_1_104' title='bbox 963 852 1049 884; x_wconf 87' lang='lat' dir='ltr'>tum</span> <span class='ocrx_word' id='word_1_105' title='bbox 1082 845 1356 885; x_wconf 82' lang='lat' dir='ltr'>fideiussione</span> <span class='ocrx_word' id='word_1_106' title='bbox 1390 845 1578 893; x_wconf 76' lang='lat' dir='ltr'>alterius,</span> <span class='ocrx_word' id='word_1_107' title='bbox 1609 851 1689 885; x_wconf 83' lang='lat' dir='ltr'>etc.</span> <span class='ocrx_word' id='word_1_108' title='bbox 1726 860 1769 886; x_wconf 80' lang='lat' dir='ltr'>se</span> <span class='ocrx_word' id='word_1_109' title='bbox 1803 846 1840 885; x_wconf 84' lang='lat' dir='ltr'>in</span> 
     </span>
     <span class='ocr_line' id='line_1_13' title="bbox 226 910 1841 961; baseline 0 -12"><span class='ocrx_word' id='word_1_110' title='bbox 226 910 450 961; x_wconf 77' lang='lat' dir='ltr'>pristinum</span> <span class='ocrx_word' id='word_1_111' title='bbox 501 916 654 950; x_wconf 84' lang='lat' dir='ltr'>statum</span> <span class='ocrx_word' id='word_1_112' title='bbox 700 916 793 949; x_wconf 76' lang='lat' dir='ltr'>autc</span> <span class='ocrx_word' id='word_1_113' title='bbox 840 910 983 961; x_wconf 83' lang='lat' dir='ltr'>operis</span> <span class='ocrx_word' id='word_1_114' title='bbox 1030 910 1316 949; x_wconf 84' lang='lat' dir='ltr'>conditionem</span> <span class='ocrx_word' id='word_1_115' title='bbox 1363 910 1505 949; x_wconf 78' lang='lat' dir='ltr'>omnia</span> <span class='ocrx_word' id='word_1_116' title='bbox 1551 910 1841 950; x_wconf 78' lang='lat' dir='ltr'>restituturum</span> 
     </span>
     <span class='ocr_line' id='line_1_14' title="bbox 222 973 1842 1026; baseline -0.001 -11"><span class='ocrx_word' id='word_1_117' title='bbox 222 976 300 1015; x_wconf 91' lang='lat' dir='ltr'>sub</span> <span class='ocrx_word' id='word_1_118' title='bbox 338 975 577 1014; x_wconf 62' lang='lat' dir='ltr'>conditione</span> <span class='ocrx_word' id='word_1_119' title='bbox 614 976 650 1014; x_wconf 65' lang='lat' dir='ltr'>si</span> <span class='ocrx_word' id='word_1_120' title='bbox 685 974 880 1014; x_wconf 75' lang='lat' dir='ltr'>absoluto</span> <span class='ocrx_word' id='word_1_121' title='bbox 921 975 1092 1022; x_wconf 81' lang='lat' dir='ltr'>iudicio,</span> <span class='ocrx_word' id='word_1_122' title='bbox 1130 975 1244 1026; x_wconf 89' lang='lat' dir='ltr'>quod</span> <span class='ocrx_word' id='word_1_123' title='bbox 1279 974 1318 1013; x_wconf 87' lang='lat' dir='ltr'>vi</span> <span class='ocrx_word' id='word_1_124' title='bbox 1355 973 1382 1018; x_wconf 64' lang='lat'>§¹</span> <span class='ocrx_word' id='word_1_125' title='bbox 1420 973 1452 1013; x_wconf 76' lang='lat' dir='ltr'>1i</span> <span class='ocrx_word' id='word_1_126' title='bbox 1487 974 1731 1026; x_wconf 87' lang='lat' dir='ltr'>incoeptum</span> <span class='ocrx_word' id='word_1_127' title='bbox 1765 980 1842 1019; x_wconf 77' lang='lat' dir='ltr'>est,</span> 
     </span>
     <span class='ocr_line' id='line_1_15' title="bbox 223 1039 1846 1091; baseline 0 -12"><span class='ocrx_word' id='word_1_128' title='bbox 223 1040 354 1079; x_wconf 82' lang='lat' dir='ltr'>rictus</span> <span class='ocrx_word' id='word_1_129' title='bbox 388 1040 647 1086; x_wconf 64' lang='lat' dir='ltr'>discesserit,</span> <span class='ocrx_word' id='word_1_130' title='bbox 681 1040 779 1091; x_wconf 85' lang='lat' dir='ltr'>quia</span> <span class='ocrx_word' id='word_1_131' title='bbox 814 1039 879 1078; x_wconf 89' lang='lat' dir='ltr'>ius</span> <span class='ocrx_word' id='word_1_132' title='bbox 911 1039 1067 1079; x_wconf 88' lang='lat' dir='ltr'>actoris</span> <span class='ocrx_word' id='word_1_133' title='bbox 1100 1039 1304 1078; x_wconf 85' lang='lat' dir='ltr'>sententia</span> <span class='ocrx_word' id='word_1_134' title='bbox 1340 1045 1400 1078; x_wconf 77' lang='lat' dir='ltr'>est</span> <span class='ocrx_word' id='word_1_135' title='bbox 1432 1039 1659 1086; x_wconf 87' lang='lat' dir='ltr'>firmatum,</span> <span class='ocrx_word' id='word_1_136' title='bbox 1693 1039 1737 1089; x_wconf 95' lang='lat' dir='ltr'>b)</span> <span class='ocrx_word' id='word_1_137' title='bbox 1770 1053 1846 1091; x_wconf 87' lang='lat' dir='ltr'>po-</span> 
     </span>
     <span class='ocr_line' id='line_1_16' title="bbox 225 1103 1842 1154; baseline -0.001 -11"><span class='ocrx_word' id='word_1_138' title='bbox 225 1105 317 1143; x_wconf 78' lang='lat' dir='ltr'>terit</span> <span class='ocrx_word' id='word_1_139' title='bbox 362 1119 384 1143; x_wconf 81' lang='grc' dir='ltr'><em>α</em></span> <span class='ocrx_word' id='word_1_140' title='bbox 431 1104 567 1143; x_wconf 73' lang='lat' dir='ltr'>iudice</span> <span class='ocrx_word' id='word_1_141' title='bbox 613 1103 943 1154; x_wconf 87' lang='lat' dir='ltr'>prohibitionem</span> <span class='ocrx_word' id='word_1_142' title='bbox 987 1103 1204 1143; x_wconf 76' lang='lat' dir='ltr'>intimante</span> <span class='ocrx_word' id='word_1_143' title='bbox 1249 1104 1610 1143; x_wconf 76' lang='lat' dir='ltr'>continuationem</span> <span class='ocrx_word' id='word_1_144' title='bbox 1655 1104 1842 1143; x_wconf 68' lang='lat' dir='ltr'>eiusdem</span> 
     </span>
     <span class='ocr_line' id='line_1_17' title="bbox 222 1167 1845 1219; baseline 0 -12"><span class='ocrx_word' id='word_1_145' title='bbox 222 1169 366 1219; x_wconf 81' lang='lat' dir='ltr'>operis</span> <span class='ocrx_word' id='word_1_146' title='bbox 406 1170 647 1218; x_wconf 72' lang='lat' dir='ltr'>impetrare.</span> <span class='ocrx_word' id='word_1_147' title='bbox 689 1168 795 1207; x_wconf 52' lang='lat' dir='ltr'>idest,</span> <span class='ocrx_word' id='word_1_148' title='bbox 833 1168 1105 1218; x_wconf 85' lang='lat' dir='ltr'>expostulare</span> <span class='ocrx_word' id='word_1_149' title='bbox 1146 1181 1194 1207; x_wconf 87' lang='lat' dir='ltr'>ac</span> <span class='ocrx_word' id='word_1_150' title='bbox 1233 1167 1437 1207; x_wconf 84' lang='lat' dir='ltr'>obtinere.</span> <span class='ocrx_word' id='word_1_151' title='bbox 1479 1168 1539 1207; x_wconf 87' lang='lat' dir='ltr'>Ita</span> <span class='ocrx_word' id='word_1_152' title='bbox 1579 1167 1845 1207; x_wconf 86' lang='lat' dir='ltr'>immutatum</span> 
     </span>
     <span class='ocr_line' id='line_1_18' title="bbox 224 1231 1847 1284; baseline -0.001 -11"><span class='ocrx_word' id='word_1_153' title='bbox 224 1238 285 1273; x_wconf 88' lang='lat' dir='ltr'>est</span> <span class='ocrx_word' id='word_1_154' title='bbox 325 1233 390 1271; x_wconf 86' lang='lat' dir='ltr'>ius</span> <span class='ocrx_word' id='word_1_155' title='bbox 429 1233 704 1283; x_wconf 64' lang='lat' dir='ltr'>praecedens.</span> <span class='ocrx_word' id='word_1_156' title='bbox 744 1233 857 1284; x_wconf 85' lang='lat' dir='ltr'>quod</span> <span class='ocrx_word' id='word_1_157' title='bbox 897 1232 1110 1271; x_wconf 87' lang='lat' dir='ltr'>constituit</span> <span class='ocrx_word' id='word_1_158' title='bbox 1150 1231 1277 1283; x_wconf 81' lang='lat' dir='ltr'>Greg.</span> <span class='ocrx_word' id='word_1_159' title='bbox 1320 1232 1371 1270; x_wconf 83' lang='lat' dir='ltr'>IX</span> <span class='ocrx_word' id='word_1_160' title='bbox 1411 1233 1448 1271; x_wconf 89' lang='grc'>1;</span> <span class='ocrx_word' id='word_1_161' title='bbox 1491 1247 1511 1270; x_wconf 85' lang='lat'>&lt;‹</span> <span class='ocrx_word' id='word_1_162' title='bbox 1535 1231 1591 1279; x_wconf 74' lang='lat' dir='ltr'>Is,</span> <span class='ocrx_word' id='word_1_163' title='bbox 1631 1231 1698 1271; x_wconf 94' lang='lat' dir='ltr'>cui</span> <span class='ocrx_word' id='word_1_164' title='bbox 1738 1245 1847 1282; x_wconf 89' lang='lat' dir='ltr'>opus</span> 
     </span>
     <span class='ocr_line' id='line_1_19' title="bbox 226 1295 1849 1347; baseline 0 -12"><span class='ocrx_word' id='word_1_165' title='bbox 226 1311 379 1336; x_wconf 80' lang='lat' dir='ltr'>novum</span> <span class='ocrx_word' id='word_1_166' title='bbox 420 1303 455 1336; x_wconf 83' lang='lat' dir='ltr'>te</span> <span class='ocrx_word' id='word_1_167' title='bbox 494 1297 710 1336; x_wconf 71' lang='lat' dir='ltr'>nuntiasse</span> <span class='ocrx_word' id='word_1_168' title='bbox 751 1296 974 1347; x_wconf 75' lang='lat' dir='ltr'>proponis,</span> <span class='ocrx_word' id='word_1_169' title='bbox 1014 1310 1098 1335; x_wconf 88' lang='lat' dir='ltr'>non</span> <span class='ocrx_word' id='word_1_170' title='bbox 1138 1296 1330 1335; x_wconf 86' lang='lat' dir='ltr'>obstante</span> <span class='ocrx_word' id='word_1_171' title='bbox 1370 1295 1579 1343; x_wconf 78' lang='lat' dir='ltr'>cautione,</span> <span class='ocrx_word' id='word_1_172' title='bbox 1620 1309 1748 1347; x_wconf 90' lang='lat' dir='ltr'>quam</span> <span class='ocrx_word' id='word_1_173' title='bbox 1787 1296 1849 1335; x_wconf 83' lang='lat' dir='ltr'>of-</span> 
     </span>
     <span class='ocr_line' id='line_1_20' title="bbox 223 1360 1847 1413; baseline -0.001 -12"><span class='ocrx_word' id='word_1_174' title='bbox 223 1365 356 1401; x_wconf 78' lang='lat' dir='ltr'>t&#39;ertur</span> <span class='ocrx_word' id='word_1_175' title='bbox 392 1362 442 1401; x_wconf 81' lang='lat' dir='ltr'>ab</span> <span class='ocrx_word' id='word_1_176' title='bbox 477 1362 571 1412; x_wconf 77' lang='lat' dir='ltr'>ipso</span> <span class='ocrx_word' id='word_1_177' title='bbox 605 1362 655 1400; x_wconf 91' lang='lat' dir='ltr'>dc</span> <span class='ocrx_word' id='word_1_178' title='bbox 690 1374 818 1413; x_wconf 80' lang='lat' dir='ltr'>opere</span> <span class='ocrx_word' id='word_1_179' title='bbox 853 1361 1125 1408; x_wconf 82' lang='lat' dir='ltr'>destruendo,</span> <span class='ocrx_word' id='word_1_180' title='bbox 1161 1360 1196 1400; x_wconf 90' lang='lat' dir='ltr'>si</span> <span class='ocrx_word' id='word_1_181' title='bbox 1230 1374 1314 1399; x_wconf 92' lang='lat' dir='ltr'>non</span> <span class='ocrx_word' id='word_1_182' title='bbox 1350 1360 1439 1400; x_wconf 87' lang='lat' dir='ltr'>iure</span> <span class='ocrx_word' id='word_1_183' title='bbox 1474 1360 1743 1400; x_wconf 81' lang='lat' dir='ltr'>aedificatum</span> <span class='ocrx_word' id='word_1_184' title='bbox 1777 1375 1847 1399; x_wconf 78' lang='lat' dir='ltr'>ex-</span> 
     </span>
     <span class='ocr_line' id='line_1_21' title="bbox 224 1424 1846 1476; baseline -0.001 -11"><span class='ocrx_word' id='word_1_185' title='bbox 224 1427 359 1469; x_wconf 78' lang='lat' dir='ltr'>sistat,</span> <span class='ocrx_word' id='word_1_186' title='bbox 405 1432 566 1465; x_wconf 75' lang='lat' dir='ltr'>tenetur</span> <span class='ocrx_word' id='word_1_187' title='bbox 608 1431 645 1464; x_wconf 85' lang='lat' dir='ltr'>tc</span> <span class='ocrx_word' id='word_1_188' title='bbox 689 1439 763 1476; x_wconf 85' lang='lat' dir='ltr'>pcr</span> <span class='ocrx_word' id='word_1_189' title='bbox 806 1425 933 1464; x_wconf 91' lang='lat' dir='ltr'>trium</span> <span class='ocrx_word' id='word_1_190' title='bbox 975 1424 1185 1463; x_wconf 76' lang='lat' dir='ltr'>mensium</span> <span class='ocrx_word' id='word_1_191' title='bbox 1228 1424 1413 1475; x_wconf 90' lang='lat' dir='ltr'>spatium</span> <span class='ocrx_word' id='word_1_192' title='bbox 1457 1430 1695 1475; x_wconf 83' lang='lat' dir='ltr'>expectare,</span> <span class='ocrx_word' id='word_1_193' title='bbox 1741 1424 1846 1463; x_wconf 88' lang='lat' dir='ltr'>iuris</span> 
     </span>
     <span class='ocr_line' id='line_1_22' title="bbox 224 1488 1847 1541; baseline -0.001 -12"><span class='ocrx_word' id='word_1_194' title='bbox 224 1491 283 1529; x_wconf 88' lang='lat' dir='ltr'>tui</span> <span class='ocrx_word' id='word_1_195' title='bbox 320 1490 629 1541; x_wconf 72' lang='lat' dir='ltr'>praeiudicium</span> <span class='ocrx_word' id='word_1_196' title='bbox 666 1490 848 1541; x_wconf 85' lang='lat' dir='ltr'>probare</span> <span class='ocrx_word' id='word_1_197' title='bbox 884 1489 1149 1528; x_wconf 74' lang='lat' dir='ltr'>volentem».</span> <span class='ocrx_word' id='word_1_198' title='bbox 1190 1489 1314 1537; x_wconf 81' lang='lat' dir='ltr'>Quod</span> <span class='ocrx_word' id='word_1_199' title='bbox 1350 1488 1391 1527; x_wconf 90' lang='lat' dir='ltr'>in</span> <span class='ocrx_word' id='word_1_200' title='bbox 1429 1488 1600 1528; x_wconf 83' lang='lat' dir='ltr'>Codicis</span> <span class='ocrx_word' id='word_1_201' title='bbox 1637 1488 1727 1528; x_wconf 84' lang='lat' dir='ltr'>iure</span> <span class='ocrx_word' id='word_1_202' title='bbox 1763 1501 1847 1528; x_wconf 91' lang='lat' dir='ltr'>non</span> 
     </span>
     <span class='ocr_line' id='line_1_23' title="bbox 225 1553 1102 1605; baseline -0.001 -12"><span class='ocrx_word' id='word_1_203' title='bbox 225 1555 365 1593; x_wconf 78' lang='lat' dir='ltr'>obstat</span> <span class='ocrx_word' id='word_1_204' title='bbox 400 1554 550 1593; x_wconf 78' lang='lat' dir='ltr'>iudicis</span> <span class='ocrx_word' id='word_1_205' title='bbox 586 1554 781 1605; x_wconf 80' lang='lat' dir='ltr'>potestati</span> <span class='ocrx_word' id='word_1_206' title='bbox 817 1553 1102 1604; x_wconf 87' lang='lat' dir='ltr'>supradictae.</span> 
     </span>
    </p>

    <p class='ocr_par' dir='ltr' id='par_1_3' title="bbox 227 1616 1851 2683">
     <span class='ocr_line' id='line_1_24' title="bbox 334 1616 1849 1669; baseline -0.001 -12"><span class='ocrx_word' id='word_1_207' title='bbox 334 1619 467 1657; x_wconf 88' lang='lat' dir='ltr'>Immo</span> <span class='ocrx_word' id='word_1_208' title='bbox 501 1618 685 1669; x_wconf 80' lang='lat' dir='ltr'>spatium</span> <span class='ocrx_word' id='word_1_209' title='bbox 719 1617 823 1657; x_wconf 89' lang='lat' dir='ltr'>illud</span> <span class='ocrx_word' id='word_1_210' title='bbox 857 1617 1151 1668; x_wconf 85' lang='lat' dir='ltr'>probatorium</span> <span class='ocrx_word' id='word_1_211' title='bbox 1184 1617 1376 1656; x_wconf 89' lang='lat' dir='ltr'>immutat</span> <span class='ocrx_word' id='word_1_212' title='bbox 1406 1630 1577 1668; x_wconf 83' lang='lat' dir='ltr'>quoque</span> <span class='ocrx_word' id='word_1_213' title='bbox 1610 1616 1627 1660; x_wconf 72' lang='grc' dir='ltr'>ἓ</span> <span class='ocrx_word' id='word_1_214' title='bbox 1659 1618 1696 1655; x_wconf 86' lang='grc'>3.</span> <span class='ocrx_word' id='word_1_215' title='bbox 1733 1617 1849 1656; x_wconf 82' lang='lat' dir='ltr'>Nun-</span> 
     </span>
     <span class='ocr_line' id='line_1_25' title="bbox 229 1681 1850 1733; baseline -0.002 -11"><span class='ocrx_word' id='word_1_216' title='bbox 229 1684 356 1723; x_wconf 74' lang='lat' dir='ltr'>cisinti</span> <span class='ocrx_word' id='word_1_217' title='bbox 388 1697 538 1722; x_wconf 80' lang='lat' dir='ltr'>norunt</span> <span class='ocrx_word' id='word_1_218' title='bbox 572 1696 678 1732; x_wconf 71' lang='lat' dir='ltr'>opus</span> <span class='ocrx_word' id='word_1_219' title='bbox 710 1682 748 1721; x_wconf 68' lang='lat' dir='ltr'>vi</span> <span class='ocrx_word' id='word_1_220' title='bbox 780 1682 807 1725; x_wconf 42' lang='grc' dir='ltr'>ἐι</span> <span class='ocrx_word' id='word_1_221' title='bbox 840 1685 885 1729; x_wconf 81' lang='lat'>1¹,</span> <span class='ocrx_word' id='word_1_222' title='bbox 917 1681 1014 1733; x_wconf 84' lang='lat' dir='ltr'>quia</span> <span class='ocrx_word' id='word_1_223' title='bbox 1042 1696 1096 1721; x_wconf 80' lang='lat' dir='ltr'>cx</span> <span class='ocrx_word' id='word_1_224' title='bbox 1127 1682 1257 1721; x_wconf 83' lang='lat' dir='ltr'>altera</span> <span class='ocrx_word' id='word_1_225' title='bbox 1290 1687 1408 1733; x_wconf 85' lang='lat' dir='ltr'>parte</span> <span class='ocrx_word' id='word_1_226' title='bbox 1440 1682 1618 1721; x_wconf 85' lang='lat' dir='ltr'>«Nemo</span> <span class='ocrx_word' id='word_1_227' title='bbox 1646 1681 1850 1720; x_wconf 73' lang='lat' dir='ltr'>damnum</span> 
     </span>
     <span class='ocr_line' id='line_1_26' title="bbox 228 1745 1844 1798; baseline -0.001 -12"><span class='ocrx_word' id='word_1_228' title='bbox 228 1747 342 1794; x_wconf 77' lang='lat' dir='ltr'>facit,</span> <span class='ocrx_word' id='word_1_229' title='bbox 373 1746 453 1785; x_wconf 86' lang='lat' dir='ltr'>uisi</span> <span class='ocrx_word' id='word_1_230' title='bbox 483 1761 553 1798; x_wconf 61' lang='lat' dir='ltr'>qua</span> <span class='ocrx_word' id='word_1_231' title='bbox 584 1747 624 1786; x_wconf 86' lang='lat' dir='ltr'>id</span> <span class='ocrx_word' id='word_1_232' title='bbox 652 1746 764 1793; x_wconf 78' lang='lat' dir='ltr'>fecit,</span> <span class='ocrx_word' id='word_1_233' title='bbox 796 1747 909 1798; x_wconf 90' lang='lat' dir='ltr'>quod</span> <span class='ocrx_word' id='word_1_234' title='bbox 940 1746 1079 1785; x_wconf 79' lang='lat' dir='ltr'>facere</span> <span class='ocrx_word' id='word_1_235' title='bbox 1109 1746 1174 1785; x_wconf 89' lang='lat' dir='ltr'>ius</span> <span class='ocrx_word' id='word_1_236' title='bbox 1203 1759 1286 1785; x_wconf 92' lang='lat' dir='ltr'>non</span> <span class='ocrx_word' id='word_1_237' title='bbox 1316 1746 1440 1785; x_wconf 88' lang='lat' dir='ltr'>habet</span> <span class='ocrx_word' id='word_1_238' title='bbox 1463 1761 1483 1785; x_wconf 88' lang='lat'>»</span> <span class='ocrx_word' id='word_1_239' title='bbox 1514 1747 1620 1797; x_wconf 83' lang='lat' dir='ltr'>(reg.</span> <span class='ocrx_word' id='word_1_240' title='bbox 1656 1747 1728 1785; x_wconf 80' lang='lat'>194</span> <span class='ocrx_word' id='word_1_241' title='bbox 1758 1745 1844 1784; x_wconf 87' lang='lat' dir='ltr'>Iur.</span> 
     </span>
     <span class='ocr_line' id='line_1_27' title="bbox 230 1809 1848 1862; baseline -0.002 -11"><span class='ocrx_word' id='word_1_242' title='bbox 230 1812 386 1861; x_wconf 77' lang='lat' dir='ltr'>Rom.),</span> <span class='ocrx_word' id='word_1_243' title='bbox 418 1817 456 1850; x_wconf 88' lang='lat' dir='ltr'>et</span> <span class='ocrx_word' id='word_1_244' title='bbox 489 1826 508 1849; x_wconf 88' lang='lat'>«</span> <span class='ocrx_word' id='word_1_245' title='bbox 533 1812 625 1851; x_wconf 60' lang='lat' dir='ltr'>Non</span> <span class='ocrx_word' id='word_1_246' title='bbox 656 1811 779 1850; x_wconf 88' lang='lat' dir='ltr'>debet</span> <span class='ocrx_word' id='word_1_247' title='bbox 809 1810 964 1862; x_wconf 87' lang='lat' dir='ltr'>aliquis</span> <span class='ocrx_word' id='word_1_248' title='bbox 995 1810 1169 1849; x_wconf 80' lang='lat' dir='ltr'>alterius</span> <span class='ocrx_word' id='word_1_249' title='bbox 1199 1809 1298 1849; x_wconf 91' lang='lat' dir='ltr'>odio</span> <span class='ocrx_word' id='word_1_250' title='bbox 1331 1809 1665 1862; x_wconf 82' lang='lat' dir='ltr'>praegravari»,</span> <span class='ocrx_word' id='word_1_251' title='bbox 1698 1809 1848 1848; x_wconf 81' lang='lat' dir='ltr'>merito</span> 
     </span>
     <span class='ocr_line' id='line_1_28' title="bbox 227 1874 1851 1926; baseline -0.002 -11"><span class='ocrx_word' id='word_1_252' title='bbox 227 1877 283 1915; x_wconf 79' lang='lat' dir='ltr'>ad</span> <span class='ocrx_word' id='word_1_253' title='bbox 317 1877 380 1915; x_wconf 66' lang='lat' dir='ltr'>ius</span> <span class='ocrx_word' id='word_1_254' title='bbox 416 1890 540 1915; x_wconf 71' lang='lat' dir='ltr'>suuni</span> <span class='ocrx_word' id='word_1_255' title='bbox 573 1889 623 1914; x_wconf 88' lang='lat' dir='ltr'>ne</span> <span class='ocrx_word' id='word_1_256' title='bbox 659 1875 740 1914; x_wconf 88' lang='lat' dir='ltr'>tale</span> <span class='ocrx_word' id='word_1_257' title='bbox 776 1889 885 1926; x_wconf 89' lang='lat' dir='ltr'>opus</span> <span class='ocrx_word' id='word_1_258' title='bbox 919 1875 1071 1914; x_wconf 83' lang='lat' dir='ltr'>existat</span> <span class='ocrx_word' id='word_1_259' title='bbox 1105 1874 1498 1922; x_wconf 74' lang='lat' dir='ltr'>demonstrandum,</span> <span class='ocrx_word' id='word_1_260' title='bbox 1532 1874 1649 1926; x_wconf 88' lang='lat' dir='ltr'>quod</span> <span class='ocrx_word' id='word_1_261' title='bbox 1682 1880 1747 1914; x_wconf 85' lang='lat' dir='ltr'>est</span> <span class='ocrx_word' id='word_1_262' title='bbox 1781 1887 1851 1913; x_wconf 89' lang='lat' dir='ltr'>ne-</span> 
     </span>
     <span class='ocr_line' id='line_1_29' title="bbox 228 1937 1850 1990; baseline -0.002 -11"><span class='ocrx_word' id='word_1_263' title='bbox 228 1953 344 1980; x_wconf 89' lang='lat' dir='ltr'>cesse</span> <span class='ocrx_word' id='word_1_264' title='bbox 385 1940 437 1979; x_wconf 86' lang='lat' dir='ltr'>ad</span> <span class='ocrx_word' id='word_1_265' title='bbox 477 1939 580 1979; x_wconf 89' lang='lat' dir='ltr'>illud</span> <span class='ocrx_word' id='word_1_266' title='bbox 620 1939 867 1979; x_wconf 85' lang='lat' dir='ltr'>auctoritate</span> <span class='ocrx_word' id='word_1_267' title='bbox 907 1938 1077 1990; x_wconf 87' lang='lat' dir='ltr'>publica</span> <span class='ocrx_word' id='word_1_268' title='bbox 1116 1939 1434 1985; x_wconf 86' lang='lat' dir='ltr'>destruendum,</span> <span class='ocrx_word' id='word_1_269' title='bbox 1476 1938 1542 1977; x_wconf 83' lang='lat' dir='ltr'>vel</span> <span class='ocrx_word' id='word_1_270' title='bbox 1581 1937 1850 1989; x_wconf 85' lang='lat' dir='ltr'>supprimen-</span> 
     </span>
     <span class='ocr_line' id='line_1_30' title="bbox 228 2003 1848 2055; baseline -0.002 -11"><span class='ocrx_word' id='word_1_271' title='bbox 228 2005 344 2051; x_wconf 70' lang='lat' dir='ltr'>dum,</span> <span class='ocrx_word' id='word_1_272' title='bbox 382 2005 464 2043; x_wconf 81' lang='lat' dir='ltr'>duo</span> <span class='ocrx_word' id='word_1_273' title='bbox 500 2018 666 2043; x_wconf 72' lang='lat' dir='ltr'>menses</span> <span class='ocrx_word' id='word_1_274' title='bbox 702 2004 816 2043; x_wconf 88' lang='lat' dir='ltr'>illius</span> <span class='ocrx_word' id='word_1_275' title='bbox 853 2003 977 2043; x_wconf 87' lang='lat' dir='ltr'>stadii</span> <span class='ocrx_word' id='word_1_276' title='bbox 1014 2003 1249 2054; x_wconf 87' lang='lat' dir='ltr'>probatorii</span> <span class='ocrx_word' id='word_1_277' title='bbox 1283 2003 1596 2055; x_wconf 60' lang='lat' dir='ltr'>praefiniuntur</span> <span class='ocrx_word' id='word_1_278' title='bbox 1629 2016 1706 2055; x_wconf 83' lang='lat' dir='ltr'>per</span> <span class='ocrx_word' id='word_1_279' title='bbox 1741 2003 1848 2042; x_wconf 85' lang='lat' dir='ltr'>hunc</span> 
     </span>
     <span class='ocr_line' id='line_1_31' title="bbox 229 2066 1851 2117; baseline -0.001 -10"><span class='ocrx_word' id='word_1_280' title='bbox 229 2081 434 2108; x_wconf 83' lang='lat' dir='ltr'>canonem</span> <span class='ocrx_word' id='word_1_281' title='bbox 466 2068 560 2107; x_wconf 88' lang='lat' dir='ltr'>loco</span> <span class='ocrx_word' id='word_1_282' title='bbox 593 2068 804 2107; x_wconf 82' lang='lat' dir='ltr'>«trium»</span> <span class='ocrx_word' id='word_1_283' title='bbox 838 2081 888 2107; x_wconf 84' lang='lat' dir='ltr'>cx</span> <span class='ocrx_word' id='word_1_284' title='bbox 921 2067 1011 2106; x_wconf 88' lang='lat' dir='ltr'>iure</span> <span class='ocrx_word' id='word_1_285' title='bbox 1044 2066 1343 2106; x_wconf 86' lang='lat' dir='ltr'>Decretalium.</span> <span class='ocrx_word' id='word_1_286' title='bbox 1379 2067 1559 2106; x_wconf 77' lang='lat' dir='ltr'>Additur</span> <span class='ocrx_word' id='word_1_287' title='bbox 1591 2079 1690 2106; x_wconf 80' lang='lat' dir='ltr'>vero</span> <span class='ocrx_word' id='word_1_288' title='bbox 1723 2079 1851 2117; x_wconf 90' lang='lat' dir='ltr'>prop-</span> 
     </span>
     <span class='ocr_line' id='line_1_32' title="bbox 227 2131 1850 2183; baseline -0.002 -11"><span class='ocrx_word' id='word_1_289' title='bbox 227 2139 289 2172; x_wconf 86' lang='lat' dir='ltr'>ter</span> <span class='ocrx_word' id='word_1_290' title='bbox 325 2133 582 2183; x_wconf 77' lang='lat' dir='ltr'>multiplice-s</span> <span class='ocrx_word' id='word_1_291' title='bbox 619 2146 758 2179; x_wconf 88' lang='lat' dir='ltr'>casus,</span> <span class='ocrx_word' id='word_1_292' title='bbox 797 2132 867 2183; x_wconf 84' lang='lat' dir='ltr'>qui</span> <span class='ocrx_word' id='word_1_293' title='bbox 902 2131 1072 2171; x_wconf 79' lang='lat' dir='ltr'>evenire</span> <span class='ocrx_word' id='word_1_294' title='bbox 1110 2137 1279 2183; x_wconf 77' lang='lat' dir='ltr'>queant,</span> <span class='ocrx_word' id='word_1_295' title='bbox 1320 2132 1391 2182; x_wconf 82' lang='lat' dir='ltr'>qui</span> <span class='ocrx_word' id='word_1_296' title='bbox 1428 2144 1682 2170; x_wconf 86' lang='lat' dir='ltr'>«menses»</span> <span class='ocrx_word' id='word_1_297' title='bbox 1722 2134 1762 2175; x_wconf 72' lang='lat' dir='ltr'>a&#39;)</span> <span class='ocrx_word' id='word_1_298' title='bbox 1799 2145 1850 2170; x_wconf 63' lang='lat' dir='ltr'>er</span> 
     </span>
     <span class='ocr_line' id='line_1_33' title="bbox 232 2195 1849 2248; baseline -0.001 -13"><span class='ocrx_word' id='word_1_299' title='bbox 232 2197 339 2236; x_wconf 72' lang='lat' dir='ltr'>iusta</span> <span class='ocrx_word' id='word_1_300' title='bbox 369 2211 447 2236; x_wconf 76' lang='lat' dir='ltr'>scu</span> <span class='ocrx_word' id='word_1_301' title='bbox 480 2196 802 2248; x_wconf 82' lang='lat' dir='ltr'>proportionata</span> <span class='ocrx_word' id='word_1_302' title='bbox 833 2196 893 2235; x_wconf 88' lang='lat' dir='ltr'>rei</span> <span class='ocrx_word' id='word_1_303' title='bbox 926 2196 976 2236; x_wconf 83' lang='lat' dir='ltr'>de</span> <span class='ocrx_word' id='word_1_304' title='bbox 1008 2209 1089 2247; x_wconf 87' lang='lat' dir='ltr'>qua</span> <span class='ocrx_word' id='word_1_305' title='bbox 1123 2195 1261 2247; x_wconf 83' lang='lat' dir='ltr'>agitur</span> <span class='ocrx_word' id='word_1_306' title='bbox 1294 2200 1330 2234; x_wconf 79' lang='lat' dir='ltr'>el</span> <span class='ocrx_word' id='word_1_307' title='bbox 1363 2195 1619 2243; x_wconf 75' lang='lat' dir='ltr'>necessaria,</span> <span class='ocrx_word' id='word_1_308' title='bbox 1652 2209 1705 2234; x_wconf 86' lang='lat' dir='ltr'>eo</span> <span class='ocrx_word' id='word_1_309' title='bbox 1737 2195 1849 2246; x_wconf 89' lang='lat' dir='ltr'>quod</span> 
     </span>
     <span class='ocr_line' id='line_1_34' title="bbox 233 2259 1851 2312; baseline -0.001 -13"><span class='ocrx_word' id='word_1_310' title='bbox 233 2261 565 2312; x_wconf 79' lang='lat' dir='ltr'>impossibilitati</span> <span class='ocrx_word' id='word_1_311' title='bbox 612 2261 752 2311; x_wconf 86' lang='lat' dir='ltr'>potius</span> <span class='ocrx_word' id='word_1_312' title='bbox 798 2274 924 2312; x_wconf 84' lang='lat' dir='ltr'>quam</span> <span class='ocrx_word' id='word_1_313' title='bbox 970 2259 1252 2311; x_wconf 77' lang='lat' dir='ltr'>negligentia—e</span> <span class='ocrx_word' id='word_1_314' title='bbox 1297 2260 1423 2299; x_wconf 86' lang='lat' dir='ltr'>tribui</span> <span class='ocrx_word' id='word_1_315' title='bbox 1469 2259 1618 2299; x_wconf 78' lang='lat' dir='ltr'>debeat</span> <span class='ocrx_word' id='word_1_316' title='bbox 1660 2260 1851 2299; x_wconf 23' lang='lat' dir='ltr'>*desectus-</span> 
     </span>
     <span class='ocr_line' id='line_1_35' title="bbox 234 2323 1850 2376; baseline -0.001 -14"><span class='ocrx_word' id='word_1_317' title='bbox 234 2324 534 2376; x_wconf 85' lang='lat' dir='ltr'>probationum</span> <span class='ocrx_word' id='word_1_318' title='bbox 566 2338 698 2376; x_wconf 83' lang='lat' dir='ltr'>usque</span> <span class='ocrx_word' id='word_1_319' title='bbox 731 2338 840 2363; x_wconf 85' lang='lat' dir='ltr'>nunc</span> <span class='ocrx_word' id='word_1_320' title='bbox 871 2323 1125 2370; x_wconf 81' lang='lat' dir='ltr'>habitarum,</span> <span class='ocrx_word' id='word_1_321' title='bbox 1154 2328 1199 2373; x_wconf 83' lang='lat' dir='ltr'>a)</span> <span class='ocrx_word' id='word_1_322' title='bbox 1229 2338 1254 2362; x_wconf 81' lang='grc' dir='ltr'><em>α</em></span> <span class='ocrx_word' id='word_1_323' title='bbox 1285 2324 1436 2371; x_wconf 78' lang='lat' dir='ltr'>iudice,</span> <span class='ocrx_word' id='word_1_324' title='bbox 1470 2324 1514 2373; x_wconf 90' lang='lat' dir='ltr'>b)</span> <span class='ocrx_word' id='word_1_325' title='bbox 1545 2323 1687 2362; x_wconf 78' lang='lat' dir='ltr'>audita</span> <span class='ocrx_word' id='word_1_326' title='bbox 1719 2323 1850 2362; x_wconf 72' lang='lat' dir='ltr'>alteru</span> 
     </span>
     <span class='ocr_line' id='line_1_36' title="bbox 231 2387 1848 2439; baseline -0.001 -13"><span class='ocrx_word' id='word_1_327' title='bbox 231 2393 366 2437; x_wconf 74' lang='lat' dir='ltr'>parte,</span> <span class='ocrx_word' id='word_1_328' title='bbox 400 2388 519 2426; x_wconf 81' lang='lat' dir='ltr'>cuius</span> <span class='ocrx_word' id='word_1_329' title='bbox 551 2388 722 2427; x_wconf 85' lang='lat' dir='ltr'>interest</span> <span class='ocrx_word' id='word_1_330' title='bbox 756 2388 919 2439; x_wconf 90' lang='lat' dir='ltr'>proprii</span> <span class='ocrx_word' id='word_1_331' title='bbox 953 2387 1095 2438; x_wconf 85' lang='lat' dir='ltr'>operis</span> <span class='ocrx_word' id='word_1_332' title='bbox 1127 2387 1420 2439; x_wconf 68' lang='lat' dir='ltr'>prosequutiQ</span> <span class='ocrx_word' id='word_1_333' title='bbox 1453 2388 1681 2439; x_wconf 64' lang='lat' dir='ltr'>prorogari</span> <span class='ocrx_word' id='word_1_334' title='bbox 1713 2401 1750 2426; x_wconf 82' lang='lat' dir='ltr'>v.</span> <span class='ocrx_word' id='word_1_335' title='bbox 1785 2400 1848 2439; x_wconf 86' lang='lat' dir='ltr'>gr.</span> 
     </span>
     <span class='ocr_line' id='line_1_37' title="bbox 232 2450 1849 2503; baseline -0.001 -12"><span class='ocrx_word' id='word_1_336' title='bbox 232 2453 284 2491; x_wconf 84' lang='lat' dir='ltr'>ad</span> <span class='ocrx_word' id='word_1_337' title='bbox 326 2458 492 2492; x_wconf 62' lang='lat' dir='ltr'>terti-tun</span> <span class='ocrx_word' id='word_1_338' title='bbox 533 2466 734 2498; x_wconf 74' lang='lat' dir='ltr'>mensem,</span> <span class='ocrx_word' id='word_1_339' title='bbox 778 2453 842 2491; x_wconf 67' lang='lat' dir='ltr'>vel</span> <span class='ocrx_word' id='word_1_340' title='bbox 880 2452 1040 2498; x_wconf 82' lang='lat' dir='ltr'>reduci,</span> <span class='ocrx_word' id='word_1_341' title='bbox 1084 2452 1118 2491; x_wconf 88' lang='lat' dir='ltr'>si</span> <span class='ocrx_word' id='word_1_342' title='bbox 1159 2466 1196 2491; x_wconf 71' lang='lat' dir='ltr'>v.</span> <span class='ocrx_word' id='word_1_343' title='bbox 1240 2466 1303 2503; x_wconf 81' lang='lat' dir='ltr'>gr.</span> <span class='ocrx_word' id='word_1_344' title='bbox 1347 2452 1552 2491; x_wconf 85' lang='lat' dir='ltr'>inutilitas</span> <span class='ocrx_word' id='word_1_345' title='bbox 1593 2451 1719 2502; x_wconf 88' lang='lat' dir='ltr'>spatii</span> <span class='ocrx_word' id='word_1_346' title='bbox 1760 2450 1849 2491; x_wconf 89' lang='lat' dir='ltr'>iure</span> 
     </span>
     <span class='ocr_line' id='line_1_38' title="bbox 229 2514 1846 2568; baseline -0.001 -13"><span class='ocrx_word' id='word_1_347' title='bbox 229 2516 419 2555; x_wconf 75' lang='lat' dir='ltr'>concessi</span> <span class='ocrx_word' id='word_1_348' title='bbox 455 2522 674 2567; x_wconf 68' lang='lat' dir='ltr'>appareat,</span> <span class='ocrx_word' id='word_1_349' title='bbox 710 2520 921 2566; x_wconf 70' lang='lat' dir='ltr'>poterunt,</span> <span class='ocrx_word' id='word_1_350' title='bbox 956 2522 1163 2567; x_wconf 85' lang='lat' dir='ltr'>quatenus</span> <span class='ocrx_word' id='word_1_351' title='bbox 1197 2516 1350 2568; x_wconf 88' lang='lat' dir='ltr'>pendet</span> <span class='ocrx_word' id='word_1_352' title='bbox 1383 2530 1406 2555; x_wconf 89' lang='lat' dir='ltr'>a</span> <span class='ocrx_word' id='word_1_353' title='bbox 1440 2515 1592 2555; x_wconf 85' lang='lat' dir='ltr'>iudicis</span> <span class='ocrx_word' id='word_1_354' title='bbox 1625 2514 1846 2567; x_wconf 88' lang='lat' dir='ltr'>prudentia</span> 
     </span>
     <span class='ocr_line' id='line_1_39' title="bbox 232 2578 1849 2630; baseline -0.001 -11"><span class='ocrx_word' id='word_1_355' title='bbox 232 2581 494 2621; x_wconf 74' lang='lat' dir='ltr'>alterutrum,</span> <span class='ocrx_word' id='word_1_356' title='bbox 558 2580 683 2618; x_wconf 75' lang='lat' dir='ltr'>etiam</span> <span class='ocrx_word' id='word_1_357' title='bbox 743 2580 1055 2619; x_wconf 78' lang='lat' dir='ltr'>contradicente</span> <span class='ocrx_word' id='word_1_358' title='bbox 1119 2585 1237 2630; x_wconf 84' lang='lat' dir='ltr'>parte</span> <span class='ocrx_word' id='word_1_359' title='bbox 1297 2579 1338 2618; x_wconf 88' lang='lat' dir='ltr'>in</span> <span class='ocrx_word' id='word_1_360' title='bbox 1400 2579 1519 2618; x_wconf 86' lang='lat' dir='ltr'>cuius</span> <span class='ocrx_word' id='word_1_361' title='bbox 1580 2578 1849 2629; x_wconf 88' lang='lat' dir='ltr'>dispendium</span> 
     </span>
     <span class='ocr_line' id='line_1_40' title="bbox 235 2644 455 2683; baseline -0.005 -1"><span class='ocrx_word' id='word_1_362' title='bbox 235 2644 455 2683; x_wconf 83' lang='lat' dir='ltr'>redundat.</span> 
     </span>
    </p>
   </div>
   <div class='ocr_carea' id='block_1_3' title="bbox 331 2777 1496 2821">
    <p class='ocr_par' dir='ltr' id='par_1_4' title="bbox 331 2777 1496 2821">
     <span class='ocr_line' id='line_1_41' title="bbox 331 2777 1496 2821; baseline -0.001 -9"><span class='ocrx_word' id='word_1_363' title='bbox 331 2779 339 2799; x_wconf 92' lang='lat'>¹</span> <span class='ocrx_word' id='word_1_364' title='bbox 368 2778 462 2821; x_wconf 77' lang='lat' dir='ltr'>Cap.</span> <span class='ocrx_word' id='word_1_365' title='bbox 492 2779 512 2810; x_wconf 73' lang='lat'>4</span> <span class='ocrx_word' id='word_1_366' title='bbox 541 2793 556 2807; x_wconf 80' lang='lat'>«</span> <span class='ocrx_word' id='word_1_367' title='bbox 579 2777 627 2811; x_wconf 58' lang='grc' dir='ltr'>(ἰν</span> <span class='ocrx_word' id='word_1_368' title='bbox 654 2777 749 2811; x_wconf 79' lang='lat' dir='ltr'>novi</span> <span class='ocrx_word' id='word_1_369' title='bbox 777 2777 908 2821; x_wconf 72' lang='lat' dir='ltr'>operis</span> <span class='ocrx_word' id='word_1_370' title='bbox 936 2777 1197 2811; x_wconf 78' lang='lat' dir='ltr'>nunciatione</span> <span class='ocrx_word' id='word_1_371' title='bbox 1220 2792 1233 2806; x_wconf 59' lang='lat' dir='ltr'>n</span> <span class='ocrx_word' id='word_1_372' title='bbox 1267 2778 1330 2821; x_wconf 84' lang='grc' dir='ltr'><strong>(ΙΙ,</strong></span> <span class='ocrx_word' id='word_1_373' title='bbox 1359 2778 1419 2819; x_wconf 75' lang='grc'>32)</span> <span class='ocrx_word' id='word_1_374' title='bbox 1448 2778 1496 2811; x_wconf 86' lang='lat' dir='ltr'>X.</span> 
     </span>
    </p>
   </div>
  </div>
 </body>
</html>
