1914 3083
142 80 210 112 ⁴228
590 75 678 108 Liss.
709 74 774 107 IV.
803 92 816 99 -
845 73 952 106 PAns
980 72 1009 106 Ι.
1038 91 1052 97 -
1085 71 1138 105 De
1162 69 1319 121 iudiciis
1552 67 1650 104 Can.
1677 69 1771 104 1705
1822 80 1840 98 π

426 131 429 133 ,
825 127 1770 140 ————-—————-———
1844 118 1870 139 *a

242 202 344 236 197.
371 200 560 235 Initium
585 196 959 243 praescriptionis
998 195 1141 240 quoad
1172 194 1374 230 actiones
1404 187 1619 227 diversum
1642 187 1765 239 plene

145 261 315 311 exponit
351 273 427 297 can
465 259 562 297 7705
594 269 834 307 congruens
866 254 946 294 iuri
979 260 1072 294 ante
1104 253 1320 294 Codicem.
1354 251 1371 296 ἓ
1404 253 1439 291 1.
1474 251 1762 302 Praescriptio
1810 263 1813 266 ⁴

147 328 187 368 a)
210 326 248 363 in
271 322 560 367 conteriliosis,
586 334 667 372 qua
694 335 713 359 «
737 319 925 359 actiones
945 317 1250 370 extinguuntur
1272 332 1293 357 »
1319 318 1428 367 (can.
1456 318 1590 365 1701),
1616 315 1761 362 currit,

148 387 199 426 ad
244 385 449 436 temporis
494 384 662 435 lapsum
710 383 823 434 quod
867 381 1029 427 attinet,
1078 395 1129 420 ea:
1176 394 1257 431 quo
1305 380 1413 418 actio
1461 378 1533 418 illa
1579 379 1764 429 primum

146 451 277 499 potui!
312 451 399 488 iure
435 462 505 488 seu
540 448 654 486 iuxta
684 460 744 486 155.
780 459 964 485 canones
996 445 1198 495 proponi;
1230 444 1272 493 b)
1307 445 1347 484 in
1379 443 1687 490 criminalibus,
1721 442 1764 482 id

144 521 229 553 cst:
269 513 408 565 quoad
446 512 632 551 actiones
670 510 911 551 criminales
946 523 968 548 a
1007 510 1072 548 die
1109 509 1264 560 patrati
1302 508 1443 547 delicti
1477 507 1605 547 currit
1644 520 1766 558 prae-

143 577 390 628 scriptionis
414 582 580 628 tempus
603 575 717 622 utile,
745 580 867 625 prout
883 567 1030 612 ’11131161
1053 572 1314 612 declaratum
1335 572 1390 611 ad
1416 584 1621 612 canonem
1648 573 1762 611 1703.

147 643 378 693 Propterea
411 654 492 679 non
527 640 654 691 liquet
688 639 837 678 adesse
872 637 976 677 iuris
1007 636 1161 676 veteris
1194 636 1529 688 derogationem,
1563 648 1647 687 quo
1677 634 1767 675 edi-

148 706 341 745 cebatur:
382 720 403 743 «
428 704 469 745 Si
507 703 705 743 delictum
741 701 867 741 fuerit
901 701 1085 741 totaliter
1122 700 1347 747 occultum,
1386 699 1766 752 praescriptionem

149 783 228 809 non
266 782 287 807 a
324 768 390 807 die
425 766 640 808 commissi
676 765 865 806 criminis
901 765 974 804 sed
1009 777 1033 804 3
1066 763 1133 804 die
1166 763 1370 804 scientiae
1406 768 1667 803 accusatoris
1701 762 1766 802 vel

150 833 413 885 inquisitoris
441 845 608 872 currere
638 831 771 881 placet
797 845 833 872 ›),
863 829 944 869 nisi
971 829 1051 868 hoc
1076 841 1221 875 sensu,
1247 828 1364 880 quod
1389 827 1567 867 scientia
1597 840 1767 879 promo-

148 899 251 937 toris
281 897 461 936 iustitiae
492 897 555 935 vel
585 894 849 947 inquisitoris
878 907 961 933 non
987 893 1044 933 =sit
1069 892 1378 944 exspectanda,
1403 891 1576 944 quando
1605 891 1765 931 crimen

149 963 309 1002 desinat
342 974 434 999 esse
465 960 648 1000 totaliter
680 958 906 1005 occultum,
939 957 993 997 ita
1027 963 1069 997 ut
1101 955 1236 1008 possit
1268 956 1352 996 iam
1382 957 1434 996 de
1466 955 1561 1007 ipso
1593 954 1765 1007 inquiri.

254 1026 269 1069 ἓ
298 1028 333 1064 ’3.
365 1026 411 1065 Si
439 1025 636 1064 delictum
666 1037 747 1075 qua
777 1022 858 1062 tale
887 1022 1038 1062 habeat
1069 1025 1262 1069 tractum,
1294 1025 1335 1060 ul
1367 1023 1530 1067 cocant,
1562 1032 1767 1060 successt-

149 1105 259 1137 vum,
287 1104 339 1129 co
368 1090 480 1141 quod
512 1089 736 1128 mulctatur
766 1099 918 1138 poena,
950 1087 1050 1125 dum
1079 1085 1183 1125 illud
1207 1085 1439 1125 ‹secumfert
1467 1085 1636 1135 lapsum
1665 1089 1767 1124 tem-

148 1154 266 1205 poris
298 1154 337 1192 in
372 1152 672 1204 delinquendo,
707 1165 743 1190 v.
780 1164 843 1203 gr.
878 1150 1185 1190 concubinatus
1217 1148 1414 1201 publicus
1446 1148 1486 1188 vi
1520 1162 1611 1188 can.
1645 1149 1765 1195 2357,

147 1218 162 1263 ἓ
194 1222 232 1265 2,
269 1217 502 1269 «religiosi
537 1215 752 1267 apostasia
784 1229 810 1255 3
843 1214 1050 1267 religione
1086 1214 1201 1254 iuxta
1236 1227 1328 1254 can.
1364 1215 1483 1260 2385,
1520 1226 1604 1252 non
1637 1212 1767 1252 currit

148 1282 428 1333 praescriptio
459 1281 635 1320 adversa
665 1278 873 1319 criminali
903 1277 1072 1324 actioni,
1102 1278 1184 1317 nisi
1210 1292 1234 1317 a
1261 1277 1343 1325 die,
1372 1276 1445 1329 qui
1472 1291 1493 1316 «
1516 1276 1569 1316 ad
1593 1276 1769 1327 explen-

148 1348 245 1387 dam
272 1346 606 1385 numerationem
634 1350 899 1395 computetur
923 1359 942 1383 »
970 1343 1003 1391 (ἓ
1027 1345 1066 1390 3,
1093 1345 1150 1392 2⁰)
1177 1343 1230 1382 ob
1258 1342 1481 1393 paritatem
1506 1355 1603 1381 cum
1625 1354 1768 1381 exem-

147 1411 218 1462 plo
253 1410 409 1449 ibidem
444 1409 599 1461 posito,
637 1422 718 1460 qua
756 1408 898 1447 delicti
933 1410 1089 1447 tractus
1126 1406 1366 1446 declaratus
1402 1405 1630 1445 cessaverit
1666 1418 1767 1457 qua-

148 1476 247 1514 libet
277 1489 330 1514 ex
364 1487 507 1521 causa,
544 1473 631 1513 sive
665 1472 899 1512 voluntarie
933 1471 1021 1512 sive
1054 1470 1351 1511 involuntarie.

254 1538 270 1582 ἓ
296 1540 333 1578 3.
366 1539 412 1578 111
440 1538 591 1577 delicto
621 1537 794 1588 proprie
824 1536 935 1576 dicto
964 1536 1015 1575 ad
1044 1548 1238 1575 normam
1266 1548 1358 1575 can.
1389 1537 1507 1582 2195,
1537 1533 1554 1578 ἓ
1585 1537 1620 1581 1,
1650 1534 1768 1574 habi—

148 1604 263 1651 tuali,
297 1616 446 1654 nempe
478 1602 751 1654 singulariter
779 1601 892 1641 dicto
922 1606 1098 1653 propter
1127 1600 1307 1640 eandem
1339 1600 1476 1652 legem
1526 1599 1765 1650 poenalem.

147 1681 274 1719 quam
309 1667 558 1718 delinquens
591 1671 676 1705 tam
709 1669 953 1718 frequenter
984 1664 1297 1717 transgreditur
1329 1664 1493 1704 ratione
1527 1669 1697 1704 actuum
1727 1669 1765 1702 et

150 1731 433 1783 proximitatis
462 1731 668 1781 ipsorum,
700 1736 743 1770 ut
771 1730 833 1769 vir
863 1729 1052 1782 prudens
1081 1729 1236 1769 iudicet
1263 1728 1454 1768 habitum
1480 1729 1769 1768 efformatum]

146 1809 256 1842 esse,
292 1796 354 1834 rel
383 1795 641 1842 continuato,
677 1800 851 1845 propter
883 1799 1051 1833 actuum
1083 1793 1323 1845 proximam
1354 1792 1633 1839 iterationem,
1667 1791 1767 1844 quin

150 1858 315 1899 habitus
350 1858 529 1898 forsitan
562 1859 731 1906 existat,
768 1858 1050 1910 praescriptio
1086 1858 1293 1898 adversus
1328 1856 1538 1898 actionem
1574 1856 1771 1896 crimina-

148 1924 229 1962 lem
265 1936 341 1974 pro
377 1923 442 1963 his
476 1923 673 1963 omnihus
708 1923 1052 1975 delinquentibus
1087 1936 1170 1962 non
1205 1922 1390 1962 decurrit
1425 1922 1508 1962 nisi
1541 1926 1638 1972 post
1675 1922 1771 1962 ulti-

148 2001 259 2026 mum
292 1991 432 2026 actum
464 1986 649 2034 illorum,
682 2001 733 2026 ex
766 1986 920 2039 quibus
952 1986 1092 2026 delicti
1126 1986 1357 2038 appellatio
1389 1985 1636 2038 supradicta
1671 1999 1769 2038 pro-

148 2050 269 2097 cedit;
304 2055 340 2090 ct
370 2055 599 2090 conventus
633 2051 673 2090 in
706 2051 862 2091 iudicio
894 2051 1102 2091 criminali
1154 2051 1206 2091 ob
1256 2052 1442 2101 aliquem
1490 2051 1767 2091 criminosum

146 2118 299 2154 actum.
338 2114 411 2153 etsi
447 2115 670 2166 partialem
703 2115 843 2155 delicti
878 2115 1052 2168 proprie
1086 2115 1200 2162 dicti,
1237 2129 1320 2155 non
1354 2115 1664 2166 praescriptum
1702 2127 1769 2155 ra-

148 2184 258 2217 tione
290 2179 489 2218 transacti
520 2180 726 2230 temporis
757 2180 808 2219 ab
840 2180 936 2231 ipso
969 2185 1135 2231 patrato
1168 2193 1301 2232 usque
1334 2180 1386 2220 ad
1418 2180 1675 2227 citationem,
1711 2185 1768 2220 te-

149 2245 269 2280 netur
305 2242 355 2281 de
393 2243 720 2292 ariliqztioribus,
758 2244 848 2284 sive
886 2249 1030 2284 contra
1067 2245 1262 2284 eamdem
1301 2245 1453 2297 legem,
1496 2245 1583 2285 sive
1621 2250 1767 2285 contra

150 2304 339 2343 diversas
372 2307 443 2356 qui
473 2321 565 2345 cum
601 2308 749 2346 eodem
780 2312 875 2347 actu
907 2308 1225 2348 «criminoso»
1260 2309 1312 2348 ob
1346 2323 1472 2361 quem
1504 2309 1766 2357 convenitur,

148 2372 466 2416 connectuntur,
498 2370 599 2421 quia
633 2370 693 2410 illi
724 2371 895 2411 fuerunt
922 2385 976 2411 ex
1008 2372 1221 2412 voluntate
1254 2373 1538 2426 delinquentis
1569 2374 1624 2415 ad
1656 2374 1766 2415 hunc

151 2436 289 2469 actum
322 2437 580 2481 postremum
613 2434 809 2482 ordinati,
843 2435 929 2475 sive
960 2435 1059 2488 quia
1087 2450 1142 2476 ex
1172 2436 1256 2477 illis
1288 2438 1339 2478 ad
1371 2438 1481 2479 hunc
1511 2439 1591 2479 fuit
1620 2452 1766 2480 revera

150 2506 413 2544 processum.
452 2509 489 2534 r.
531 2511 593 2548 gr.
634 2498 906 2551 «religiosus
943 2499 1081 2552 legem
1119 2500 1227 2541 vitae
1266 2503 1503 2543 communis
1540 2503 1764 2551 violans»,

150 2557 258 2606 (can.
297 2560 431 2606 2:³80),
470 2560 541 2611 qui
580 2567 724 2610 postca
763 2563 946 2614 concipit
983 2570 1022 2604 et
1054 2565 1278 2617 exequitur
1315 2567 1441 2619 fugae
1480 2568 1678 2608 delictum
1712 2582 1765 2609 ex

149 2632 241 2659 can.
278 2622 395 2664 2356,
435 2628 476 2661 ut
508 2636 561 2662 ex
598 2625 788 2674 pecuniis
824 2626 884 2666 sic
921 2627 1109 2668 collectis
1144 2628 1332 2681 aliquam
1367 2630 1578 2673 civitatem
1614 2631 1766 2672 invisat

150 2696 225 2734 per
263 2684 439 2736 aliquod
480 2691 662 2738 tempus,
706 2690 871 2729 etiamsi
912 2691 1157 2742 singulatim
1201 2695 1373 2745 sumpti,
1419 2709 1456 2738 v.
1502 2710 1566 2749 gr.
1614 2698 1764 2737 delicta

149 2751 293 2785 contra
328 2754 635 2799 paupertatem,
672 2752 724 2790 ob
756 2754 1138 2804 praescriptionem
1171 2757 1222 2797 ab
1257 2757 1420 2799 actione
1455 2759 1663 2801 criminali
1697 2775 1769 2801 εω-

148 2809 418 2850 cludet-entur
449 2811 562 2852 iuxta
597 2815 898 2865 praecedentes
929 2831 1101 2858 normas
1132 2820 1256 2860 huius
1289 2821 1466 2873 Capitis.
