1914 3083
182 95 250 130 304
633 95 721 130 Lm.
752 95 818 129 IV.
847 115 860 119 -
888 95 995 128 szs
1023 94 1053 128 Ι.
1082 114 1095 119 -
1122 94 1181 128 De
1209 94 1363 128 1111110118
1487 93 1581 149 Can.
1607 0 1914 141 1780-178ΙΖἿ

188 214 391 251 memoria
419 213 557 264 (11111115
584 226 657 263 per
682 226 741 259 se,
770 212 841 251 sed
867 212 1116 264 reputandis
1140 212 1205 251 vel
1227 226 1280 252 ex
1306 217 1419 251 certo
1446 211 1602 251 iudicio
1630 212 1806 263 proprio

187 277 252 316 vel
285 291 336 316 ex
375 276 525 315 iudicis
562 276 756 328 prudenti
795 275 985 323 arbitrio,
1025 290 1131 327 quae
1167 277 1275 327 sorte
1313 276 1542 315 acciderint
1582 276 1808 316 undecum-

186 354 265 391 que
299 341 339 379 in
373 340 570 378 tribunali
605 339 869 390 proveniant,
905 354 997 379 011111
1034 344 1157 379 testes
1192 339 1347 391 singuli
1383 340 1715 387 eoeeutiebantur,
1754 340 1803 380 ad

187 404 297 456 qnod
331 405 539 454 pertinere
570 403 719 454 poterit
751 410 917 454 teinpus
948 404 1187 443 immediate
1218 404 1487 443 coniunctum
1516 404 1636 456 prius
1661 409 1701 443 et
1734 418 1808 455 po—

187 474 288 507 stea.
328 468 370 507 lit
404 468 504 507 liaee
536 468 707 519 quidem
738 468 876 506 omnia
911 481 1003 506 «ne
1035 468 1201 507 falsitas
1231 468 1393 507 veritati
1427 467 1701 519 praeiudicet,
1737 474 1802 507 aut

187 532 386 584 iniquitas
429 532 671 583 praevaleat
711 531 970 583 aequitati»,
1015 531 1070 570 uti
1113 532 1299 583 loquitur
1341 532 1470 571 Cone.
1517 533 1722 572 Generale
1764 532 1805 571 in

185 611 278 648 eap.
318 600 359 636 11
397 597 490 635 «de
526 596 893 647 probationibus»
928 597 1000 645 (Il,
1040 599 1102 645 10)
1136 596 1179 636 X.

278 668 383 702 288.
412 667 476 701 De
502 666 779 702 testimoniis
805 665 1087 710 perficiendis
1115 661 1299 700 decernit
1335 675 1426 700 can.
1468 663 1581 700 1780.
1622 662 1729 701 Cum
1765 661 1804 700 in

190 740 282 778 cap.
313 729 335 766 7
365 740 385 764 (1
409 727 458 765 de
487 725 664 765 testibus
693 725 896 776 cogendis
924 725 986 764 rel
1017 739 1099 763 non
1124 740 1143 764 »
1174 725 1246 775 (II,
1277 727 1344 773 21)
1373 725 1403 763 X
1431 725 1618 777 legatur:
1653 739 1672 764 «
1695 725 1809 774 Quo-

188 805 280 829 rum
309 789 548 830 testimonia
579 790 612 829 si
644 782 899 841 quandoque
930 803 1013 828 non
1044 789 1246 835 studiose,
1280 790 1353 829 sed
1384 790 1423 828 in
1455 790 1713 840 proferendo
1743 803 1809 830 er-

187 854 386 900 raverint,
429 860 469 893 et
507 867 555 893 vse
600 853 872 893 incontinenti
916 853 1191 899 correxerint,
1237 853 1458 905 reprobari
1503 867 1585 892 non
1629 854 1804 893 debent:

189 932 311 958 secus
343 924 481 957 autem
510 918 587 957 erit
622 917 655 957 si
689 917 939 957 correctioni
973 931 1073 957 suae
1108 918 1438 969 interposuerint
1472 918 1752 957 intervallum.

297 982 341 1020 ln
370 996 408 1020 n.
446 985 487 1021 lsi
518 981 813 1021 Instructionis
843 982 884 1021 S.
916 981 962 1021 C.
995 981 1044 1020 de
1074 982 1202 1032 Prop.
1236 982 1337 1021 Fide
1368 997 1386 1020 «
1411 982 1461 1021 de
1491 995 1695 1033 processu
1724 996 1810 1021 ma-

187 1046 415 1086 trimoniali
441 1062 460 1086 »
489 1060 598 1085 anno
629 1048 728 1085 1883
755 1047 876 1085 datae
904 1047 914 1066 ¹
945 1045 1149 1097 scriptum
1178 1052 1262 1086 est:
1293 1061 1312 1084 «
1337 1046 1439 1085 Post
1466 1046 1683 1098 quodlibet
1708 1060 1808 1086 exa-

186 1124 295 1157 men,
332 1110 497 1149 etiamsi
534 1111 683 1149 eadem
722 1123 903 1160 persona
943 1110 1103 1161 pluries
1142 1110 1200 1149 illi
1240 1110 1501 1149 subiisienda
1540 1111 1607 1157 sit,
1645 1111 1807 1150 cancel-

189 1175 321 1214 larius
348 1175 460 1214 clara
486 1180 524 1214 et
554 1174 808 1226 intelligibili
837 1188 938 1213 1000
967 1188 1110 1214 eoram
1137 1175 1285 1214 eadem
1313 1175 1424 1227 legat
1453 1175 1809 1227 interrogationes

185 1245 220 1278 et
267 1239 587 1290 responsiones,
631 1239 741 1278 faeta
783 1239 923 1278 eidem
966 1239 1164 1278 facultate
1209 1238 1399 1278 variandi
1447 1244 1515 1278 aut
1561 1239 1805 1279 declarandi

186 1303 391 1355 quidquid
428 1303 464 1342 ei
499 1303 637 1342 visum
673 1303 821 1343 fuerit:
861 1303 1011 1342 deinde
1049 1303 1139 1354 ipse
1172 1302 1442 1342 examinatus
1478 1303 1732 1351 sub-scribat,
1766 1310 1806 1343 et

187 1367 219 1405 si
255 1367 380 1406 suerit
415 1367 652 1414 illiteratus,
689 1367 814 1407 saciet
849 1368 926 1407 1100
962 1367 1131 1419 signum
1166 1367 1383 1415 Cru-t-cis3
1423 1381 1468 1407 ae
1505 1368 1685 1420 denique
1720 1382 1809 1408 mo—

186 1432 355 1471 derator
384 1438 573 1471 aetorum
600 1437 639 1471 et
668 1432 867 1471 defensor
896 1431 1125 1472 validitatis
1152 1432 1408 1471 matrimonii
1441 1439 1655 1483 apponent
1685 1446 1805 1472 suam

187 1496 558 1546 sub-scriptionem,
590 1504 627 1535 et
661 1496 941 1536 cancellarius
972 1496 1021 1536 de
1054 1502 1147 1536 actu
1177 1497 1343 1548 rogabit
1369 1512 1404 1536 ».

297 1561 409 1600 llaec
443 1574 590 1600 norma
624 1561 805 1600 deservit
835 1560 889 1599 ad
923 1560 1090 1612 praxim
1123 1560 1391 1612 prae-scripti,
1426 1561 1539 1613 quod
1572 1560 1589 1604 ἓ
1622 1563 1639 1600 1
1675 1561 1808 1612 respi-

188 1623 302 1664 ciens
332 1630 456 1675 eaput
488 1625 772 1664 Decretalium
799 1625 945 1665 edixit.
982 1626 1094 1665 Testt'
1127 1625 1349 1665 cuiuslibet
1380 1639 1548 1672 causae,
1581 1630 1805 1676 antequam
1855 1658 1858 1660 v

187 1688 228 1727 in
259 1688 444 1740 quolibet
476 1689 668 1728 examine
698 1690 750 1728 ab
780 1689 991 1728 auditorio
1024 1703 1097 1728 seu
1128 1690 1221 1728 loco
1253 1689 1388 1740 ipsius
1419 1689 1622 1736 discedat,
1655 1690 1804 1729 debent

187 1753 270 1804 1091
303 1768 322 1791 «
346 1753 460 1793 clara
490 1759 529 1792 et
565 1753 819 1805 intelligibili
853 1767 953 1792 voce
977 1769 996 1792 ›)
1032 1753 1327 1793 convenienter
1362 1754 1478 1804 ipsas
1513 1754 1808 1806 interrogatio-

187 1832 261 1857 nes
297 1823 338 1857 et
377 1818 429 1857 ad
468 1818 660 1869 singulas
699 1832 806 1868 quae
843 1818 1056 1857 actuarius
1097 1819 1147 1858 de
1189 1820 1237 1858 iis
1278 1833 1385 1869 quae
1426 1820 1516 1870 ipse
1555 1819 1674 1859 testis
1715 1821 1805 1859 viva

189 1894 288 1921 voce
319 1882 371 1921 ad
401 1895 594 1921 normam
624 1895 715 1921 ean.
752 1885 848 1921 1777
879 1886 1052 1922 testatus
1083 1887 1159 1930 est,
1191 1884 1348 1933 scripto
1381 1883 1466 1923 sive
1498 1884 1638 1935 quoad
1669 1883 1805 1935 «ipsa

185 1946 286 1985 editi
328 1945 555 1985 testimonii
598 1947 785 1990 verba»,
830 1946 915 1985 sive
959 1947 1141 1998 «quoad
1186 1947 1507 1987 substantiam»
1551 1949 1711 2000 redegit
1754 1948 1806 1987 ad

186 2023 379 2049 normam
421 2024 513 2049 ean.
561 2012 674 2056 1778,
719 2010 814 2049 dala
859 2011 993 2050 eidem
1037 2012 1130 2050 testi
1171 2011 1235 2050 vel
1276 2025 1480 2062 expresse
1524 2013 1740 2052 admonito
1780 2026 1806 2052 a

188 2074 339 2116 iudice.
376 2075 440 2113 vel
475 2081 624 2125 sponte
660 2075 803 2122 utenti,
841 2075 978 2114 iudice
1014 2081 1237 2121 annuente,
1271 2076 1470 2126 facultate
1505 2077 1689 2116 addendi
1721 2077 1809 2116 sin-

188 2138 299 2190 gulis
331 2138 566 2190 responsis,
601 2139 897 2189 supprimendi
926 2152 981 2178 ex
1013 2139 1136 2179 dicti-s
1168 2140 1371 2191 propriis,
1406 2140 1662 2192 corrigendi,
1699 2153 1807 2192 quae

187 2204 332 2241 l'orsan
365 2202 504 2241 minu-s
536 2208 646 2241 reete
674 2202 836 2253 scripto
865 2203 1033 2242 fuerunt
1065 2204 1251 2250 redacta,
1287 2205 1476 2243 variandi
1508 2204 1633 2243 etiam
1665 2205 1805 2256 quoad

187 2266 330 2312 verba,
367 2267 428 2305 vel
467 2267 639 2318 aliquod
676 2267 833 2307 dietum
868 2267 1139 2307 deelarandO.

295 2329 310 2372 ἓ
337 2331 373 2368 2.
406 2331 612 2380 Denique,
642 2336 846 2382 tempore,
877 2332 989 2383 quod
1018 2330 1034 2374 ἓ
1065 2334 1081 2370 1
1112 2331 1364 2384 designarit,
1394 2334 1505 2372 actui
1534 2333 1584 2373 de
1610 2333 1805 2372 examine

189 2394 455 2433 subscribere
492 2395 641 2434 (10110111
678 2400 719 2444 a)
755 2396 886 2441 testis,
925 2396 967 2445 b)
1005 2396 1130 2435 iudea*
1165 2397 1229 2435 vel
1265 2397 1507 2437 moderator
1543 2403 1733 2437 aetorum
1769 2402 1806 2437 et

189 2458 393 2503 notarius,
427 2458 497 2509 qui
523 2472 655 2509 supra
686 2459 838 2499 dieitur
870 2474 889 2498 (‹
914 2460 1170 2499 actuarius»
1201 2473 1283 2512 qua
1314 2460 1539 2501 iudicialis.

278 2528 384 2563 289.
416 2529 479 2563 De
513 2529 719 2564 iterando
757 2530 946 2565 testium
983 2530 1182 2566 examine
1225 2531 1341 2565 cavet
1375 2539 1467 2565 can.
1509 2527 1623 2565 1781.
1665 2527 1808 2565 Testes

185 2587 360 2638 singuli,
397 2589 588 2637 quarnris
624 2589 702 2627 iarn
739 2590 907 2628 erc-ussi
939 2603 1014 2641 per
1047 2603 1223 2628 examen
1258 2590 1297 2628 in
1329 2590 1480 2629 eadem
1513 2603 1655 2637 eausa,
1690 2595 1807 2641 pote-

187 2657 280 2690 run!
309 2652 434 2691 modo
461 2652 729 2703 permissivo,
759 2657 798 2702 a)
825 2658 943 2703 parte
972 2654 1170 2693 alterutra
1198 2655 1439 2704 postulante
1466 2655 1509 2704 b)
1536 2659 1606 2694 aut
1634 2669 1686 2694 esc
1712 2655 1806 2706 osii-

187 2716 268 2761 cio,
299 2715 489 2766 partibus
517 2716 661 2755 forsan
692 2717 1092 2763 contradicentibus,
1125 2731 1218 2757 011111
1246 2718 1323 2757 1100
1350 2718 1551 2769 explicito
1580 2719 1805 2770 supposito

285 2852 292 2871 ¹
323 2850 578 2885 Colleetanea
606 2851 642 2885 S.
672 2851 713 2885 C.
743 2851 791 2886 (10
821 2853 935 2896 Prop.
965 2852 1078 2895 Fide,
1109 2864 1147 2886 n.
1178 2854 1285 2887 1587.
