1914 3083
229 43 299 76 318
677 43 766 76 Lm.
796 42 863 77 1v.
892 61 906 67 -
932 42 1041 77 PARS
1065 42 1098 76 1.
1127 62 1141 67 -
1166 42 1226 77 De
1251 16 1406 78 iudiciis
1533 45 1628 80 ean.
1655 14 1862 83 1792-1793

235 162 344 201 circa
368 161 555 200 muneris
577 160 836 212 peculiarem
858 161 1252 201 determinationem
1275 161 1316 200 in
1340 162 1521 214 singulis
1544 164 1698 204 causis.
1724 165 1854 215 Quid-

234 239 360 278 quam
386 225 605 277 singulare
635 225 745 264 circa
775 238 928 264 munus
956 225 1190 276 peritorum
1216 226 1269 265 de
1299 226 1579 278 callvigraphia
1609 228 1853 268 moderatur

236 304 326 330 can.
372 292 487 330 1800.
532 289 712 341 Expleto
754 289 989 340 peritorum
1030 289 1185 337 studio,
1226 289 1421 342 sequitur
1461 289 1611 332 relatio
1651 290 1854 333 tribunali

233 354 488 401 exhibenda,
518 359 561 393 ut
587 366 739 404 nempe
768 353 839 393 fiat
865 353 907 392 in
935 353 1106 405 scriptis
1129 354 1366 394 secundum
1394 367 1486 394 can.
1520 356 1636 404 1801,
1664 361 1706 396 et
1730 369 1856 408 sepa-

234 418 357 457 ratim
386 418 437 457 ab
468 430 724 469 unoquoque
751 417 867 457 iuxta
896 430 988 457 can.
1019 419 1136 458 1802.
1167 417 1359 471 Denique
1389 418 1673 472 obligationes
1701 419 1854 461 iudicis

233 483 308 521 hac
341 482 390 520 de
423 495 550 521 causa
584 487 895 532 proponuntur,
931 495 1023 521 can.
1059 484 1299 529 law-1805,
1329 483 1535 534 specialis
1564 483 1605 522 in
1638 497 1738 524 casu
1770 498 1854 536 quo

234 547 467 597 peritorum
494 546 724 586 relationes
751 546 992 597 discrepent
1021 546 1127 586 inter
1155 561 1214 588 se.
1244 547 1374 586 altera
1405 547 1617 599 generalis
1645 549 1852 588 servanda

234 611 273 650 in
300 624 452 651 causae
477 610 784 662 ponderatione
809 616 934 662 atque
956 609 1231 657 deffinitione,
1259 623 1307 650 ac
1332 611 1502 651 demum
1525 611 1647 651 tertia
1673 611 1716 652 in
1742 624 1855 652 com-

235 675 525 727 pensationem
552 681 591 714 et
622 675 1006 714 remunerationem
1036 674 1270 727 peritorum
1299 675 1508 715 ordinata.

323 747 429 782 304.
455 747 637 791 Quando
663 745 800 790 periti
837 745 933 780 sint
962 745 1203 781 adhibendi
1235 739 1501 791 praescripto
1529 739 1634 780 iuris
1662 740 1854 781 canonici

235 806 415 846 ostendit
441 820 532 845 can.
564 806 678 844 1799.
709 804 913 854 Quamvis
936 804 1016 844 hac
1041 803 1293 856 probatione
1320 818 1428 857 opus
1451 804 1507 845 sit
1532 804 1574 844 in
1600 804 1697 845 foro
1720 804 1855 845 eccle-

233 870 404 910 siastico
430 876 473 909 ut
500 869 730 921 plurimum
756 882 835 920 pro
861 868 1002 908 causis
1028 869 1078 908 de
1106 867 1369 921 impotentia,
1398 882 1494 909 cum
1517 881 1728 921 exurgere
1755 882 1853 921 pos-

233 937 283 974 sit
315 937 465 974 eadem
500 939 733 973 necessitas
767 934 862 973 aliis
896 946 938 972 in
973 932 1114 973 causis
1149 932 1362 983 generalis
1392 939 1458 973 est
1490 946 1655 973 norma.
1690 933 1854 973 Perito-

236 1013 328 1038 rum
356 1012 485 1049 opera
514 998 714 1037 utendum
743 1003 803 1037 est
832 997 1098 1050 praescripto
1126 997 1231 1037 iuris
1260 998 1424 1050 quoties
1454 997 1496 1037 in
1521 998 1674 1039 eodem
1701 998 1766 1038 vel
1793 998 1856 1038 di-

234 1062 368 1102 versis
395 1062 564 1102 iudiciis
589 1077 641 1102 esc
667 1063 785 1109 iuris,
814 1062 921 1102 sicut
946 1062 987 1101 in
1014 1062 1219 1114 praefatis
1244 1061 1630 1103 matrimonialibus
1659 1063 1723 1102 vel
1749 1063 1856 1103 iudi-

232 1130 290 1167 cis
316 1128 551 1167 secundum
579 1126 715 1178 ipsius
741 1127 1010 1178 prudentiam
1036 1128 1302 1178 praescripto
1334 1141 1480 1167 eorum
1508 1127 1549 1166 in
1576 1127 1760 1167 diversis
1788 1140 1853 1167 ar-

229 1192 342 1232 tibus
373 1191 694 1242 «peritorum»
727 1205 904 1231 eramen
935 1204 1010 1242 per
1040 1190 1160 1242 ipsos
1188 1191 1432 1231 faciendum
1463 1190 1574 1231 circa
1605 1204 1850 1243 personam,

229 1258 369 1297 locum
399 1257 464 1296 vel
493 1270 581 1295 rem
612 1262 648 1296 cl
680 1260 820 1296 votum
851 1256 981 1296 idest:
1014 1256 1263 1296 relationem
1294 1270 1388 1295 cum
1419 1255 1594 1307 propria
1627 1255 1723 1296 inde
1751 1269 1852 1296 con-

1863 0 1914 124 ἶ

233 1321 421 1362 ‹·lusione
452 1322 683 1372 requiritur
710 1335 763 1360 ex
795 1327 944 1360 natura
976 1320 1037 1360 rci
1068 1321 1123 1360 ad
1153 1321 1309 1371 factum
1343 1321 1518 1371 aliquod
1548 1320 1603 1360 ita
1635 1320 1700 1360 vel
1731 1320 1853 1361 aliter
1894 1329 1914 1348 ²

231 1389 284 1435 (γ.
321 1399 385 1438 gr.
421 1385 702 1435 sanationem)
737 1385 1105 1435 comprobandum
1136 1398 1189 1424 ex
1222 1384 1287 1424 his
1321 1398 1429 1436 quae
1463 1389 1752 1436 perseverant,
1788 1386 1853 1425 vel

229 1451 282 1489 ad
316 1464 456 1490 versun
488 1450 667 1489 alicuius
701 1450 762 1489 rei
794 1464 831 1488 v.
868 1463 931 1501 gr.
967 1449 1017 1489 de
1051 1448 1370 1500 incorruptione
1405 1448 1624 1489 cadaveris
1657 1453 1852 1489 naturam

228 1528 265 1554 ν.
301 1528 363 1567 gr.
398 1515 439 1553 in
472 1527 572 1554 casu
604 1514 837 1554 secundum
867 1514 932 1553 vel
965 1513 1073 1552 ultra
1106 1513 1218 1553 vires
1250 1513 1481 1561 naturales,
1516 1513 1851 1566 dignoscendam

230 1592 283 1619 cx
311 1578 511 1619 scientiae
535 1579 600 1618 vel
627 1579 729 1618 artis
754 1577 978 1631 principiis
1003 1578 1068 1617 vel
1094 1578 1313 1618 doctrinis.

321 1651 428 1685 305.
455 1650 687 1684 Servanda
724 1650 771 1684 in
809 1660 959 1685 eorum
985 1649 1204 1684 electione
1244 1643 1497 1695 praescribit
1526 1657 1618 1683 can.
1653 1643 1768 1682 1793.
1803 1642 1854 1682 Et

230 1707 369 1760 primo
392 1721 620 1759 personam
642 1708 868 1760 eligentem
890 1706 1033 1747 statuit
1055 1705 1072 1750 ἓ
1095 1709 1130 1746 1.
1154 1707 1318 1747 <Iudicis
1343 1711 1404 1747 est
1427 1706 1651 1759 proprium
1673 1707 1850 1757 per-izos,

229 1785 410 1824 quorum
446 1785 576 1824 opera
612 1772 842 1824 requiritur
877 1771 919 1811 in
950 1785 1004 1811 eo
1039 1771 1196 1811 iudicio
1232 1772 1404 1824 eligere,
1442 1770 1477 1811 si
1513 1770 1659 1823 plures
1695 1770 1849 1818 adsint,

232 1837 295 1875 vel
318 1837 543 1888 desiqnare
569 1842 612 1876 ut
636 1836 889 1876 iudicialiter
915 1848 1024 1886 opus
1049 1841 1234 1887 praestet
1255 1848 1397 1883 suum,
1423 1834 1590 1875 etiamsi
1616 1835 1726 1875 alius
1748 1833 1850 1887 eligi

232 1907 426 1953 nequeat

336 1965 397 2004 Ita
422 1970 536 2004 extat
564 1964 877 2016 praescriptum
906 1978 983 2016 pro
1011 1964 1152 2004 causis
1181 1963 1566 2003 matrimonialibus
1595 1963 1637 2002 in
1666 1963 1851 2003 Instruc-
1882 1964 1888 1970 '

228 2030 340 2069 tione
378 2030 419 2069 S.
457 2030 503 2069 C.
539 2030 670 2069 Conc.
705 2030 758 2068 de
793 2029 859 2068 die
892 2032 943 2068 23
977 2029 1155 2081 Augusti
1195 2031 1308 2068 1840.
1346 2044 1365 2067 «
1391 2028 1600 2068 Exhibitis
1634 2027 1791 2067 notulis
1826 2041 1848 2067 a

229 2094 422 2145 partibus
462 2094 593 2133 Iudex
629 2094 757 2145 eliget
796 2093 981 2145 quinque
1024 2092 1198 2144 peritos,
1238 2099 1325 2132 tres
1366 2092 1525 2131 scilicet.
1564 2091 1768 2139 medicos,
1807 2097 1849 2131 et

231 2160 337 2198 duos
365 2159 589 2210 chirurgos
613 2172 666 2197 ex
694 2158 773 2205 his,
803 2158 844 2196 in
872 2157 1027 2209 quibus
1055 2163 1198 2209 partes
1226 2157 1504 2198 consentiant.
1536 2157 1599 2195 sin
1629 2156 1769 2196 minus
1795 2169 1848 2195 ex

229 2224 372 2263 officio
410 2237 497 2265 cos,
538 2223 608 2275 qui
646 2229 784 2262 tamen
824 2221 1016 2273 partibus
1054 2235 1137 2261 non
1173 2221 1259 2261 sint
1297 2221 1605 2261 rationabiliter
1640 2220 1845 2272 suspecti,

228 2286 460 2338 (leputabit3
500 2292 623 2338 atque
662 2286 840 2332 curabit,
879 2291 923 2325 ut
962 2284 1178 2335 deputatio
1215 2284 1337 2325 cadat
1375 2297 1503 2336 super
1542 2283 1850 2324 celebrioribus

228 2350 407 2391 civitatis
438 2356 527 2390 tum
559 2351 700 2403 quoad
735 2349 968 2397 scientiam,
1003 2356 1090 2389 tum
1123 2350 1264 2401 quoad
1297 2349 1549 2402 religionem
1580 2354 1621 2389 et
1653 2349 1849 2388 honesta-

229 2421 309 2454 tem
407 2422 485 2454 etc.
511 2430 547 2454 ».

337 2479 415 2519 His
441 2479 635 2531 congruit
659 2478 676 2522 ἓ
700 2480 736 2518 2.
765 2480 886 2518 Hanc
912 2478 953 2517 in
979 2477 1012 2522 ἕο
1041 2481 1058 2518 1
1088 2479 1346 2518 declar-atam
1372 2478 1710 2529 designationem
1738 2479 1778 2523 a)
1807 2478 1848 2518 ἰη

228 2543 366 2582 causis
396 2556 508 2581 mere
536 2543 728 2594 privatis,
756 2556 808 2582 eo
835 2543 949 2594 quod
978 2542 1171 2594 partibus
1198 2542 1420 2590 intersunt,
1452 2542 1577 2581 iudex
1602 2542 1743 2593 facere
1773 2554 1849 2592 ρο-

227 2609 319 2653 test,
355 2605 455 2657 quin
492 2606 717 2658 obligetur,
754 2610 905 2658 royatu
940 2608 980 2656 a)
1015 2607 1234 2657 utriusque
1270 2607 1419 2657 partis,
1456 2619 1563 2658 quae
1598 2605 1639 2644 in
1672 2605 1847 2645 eosdem

227 2669 497 2716 concordent,
524 2670 586 2708 rel
610 2670 735 2709 etiarn
757 2671 801 2720 b)
826 2670 1068 2710 alterutrius
1091 2676 1253 2709 tantum
1277 2670 1396 2709 illum
1420 2670 1603 2721 peritum
1628 2668 1845 2709 offerentis

226 2739 295 2772 aut
328 2733 597 2784 postulantis,
633 2733 719 2773 sive
749 2734 908 2773 actoris
938 2733 1028 2773 sive
1060 2733 1136 2781 rei,
1171 2735 1303 2774 altera
1336 2738 1474 2774 tamen
1509 2739 1627 2786 parte
1661 2734 1702 2772 in
1737 2733 1844 2773 hunc

227 2797 530 2842 consentieulc;
560 2797 602 2846 b)
634 2797 673 2835 in
702 2797 841 2836 causis
874 2811 969 2836 vero
1002 2797 1157 2837 bonum
1185 2798 1403 2848 publicum
1431 2798 1587 2838 directe
1617 2797 1683 2837 vel
1712 2796 1847 2849 quali-
