1914 3083
176 103 244 136 28⁸
614 101 703 133 Lus.
733 100 800 133 IV.
829 119 842 123 -
870 99 978 132 I'Aies
1006 99 1036 132 Ι.
1064 118 1078 123 -
1104 98 1163 133 De
1187 97 1344 132 iudiciis
1589 95 1685 130 Can.
1714 96 1810 131 1764
1840 0 1907 131 «ἓ

180 220 429 272 exceptione
463 219 637 258 canonis
670 217 810 265 huius,
845 217 1109 268 praescripto
1144 230 1235 256 can.
1275 217 1390 263 1758,
1424 216 1539 267 quod
1571 215 1682 267 viget
1716 221 1804 255 tan-

183 291 270 324 111111
300 285 349 324 de
378 298 459 321 non
490 281 669 329 idoneis,
695 287 769 320 ,aut
798 280 1008 332 suspectis
1036 280 1228 320 testibus.

292 347 491 398 Adiungit
518 346 534 388 ἓ
557 347 594 384 2.
624 346 697 384 Δ131
724 346 864 391 elium,
891 345 1132 395 postulante
1159 357 1303 383 coram
1328 343 1530 382 tribunali
1555 343 1801 382 adversario

183 413 220 451 in
260 424 385 450 eausa
422 411 459 450 ei
498 423 722 461 personae,
760 422 867 460 quae
904 408 1083 455 induxit,
1122 412 1246 447 testes
1285 407 1537 447 ercludendi
1573 412 1683 456 sunt,
1724 409 1801 448 sub

184 475 447 515 conditione:
473 476 508 514 si
532 475 640 513 iusta
664 487 740 525 pro
763 474 840 512 1100
865 472 1036 519 iudicio,
1059 473 1254 523 quamvis
1278 485 1369 512 can.
1399 474 1498 511 1757
1523 485 1606 510 non
1628 484 1804 522 expres-

185 554 246 586 sa,
279 540 536 579 exclusionis
567 552 695 577 cau-su
729 552 801 577 seu
832 538 1035 576 motixuni
1065 537 1377 575 demonstretur
1406 535 1488 587 ipsi
1519 535 1647 576 iudici
1677 550 1700 575 a
1730 550 1806 588 po-

184 605 364 643 stulante
402 603 662 654 supradicto,
699 608 736 641 et
776 616 882 652 quac
922 618 941 639 «
965 602 1152 640 crclusio
1191 601 1309 640 testis
1345 600 1473 652 petita
1510 600 1551 639 in
1588 599 1745 640 iudicio
1782 613 1803 639 a

184 675 302 721 parte
337 669 513 708 adversa
549 666 760 706 inducenti
797 667 957 705 11111111»
992 665 1144 705 elicitur
1176 665 1216 703 in
1251 664 1423 712 Codice,
1459 664 1500 703 in
1533 665 1644 712 foro,
1676 670 1717 704 et
1750 664 1803 704 ab

185 733 441 772 Auctoribus
477 732 720 782 reprobatio
756 744 965 781 personae
1001 731 1116 769 lestis
1153 729 1319 768 diversa
1357 743 1378 768 a
1413 728 1714 779 reprobatione
1748 734 1807 768 te-

189 797 373 837 shmonii
405 797 534 843 illius,
566 797 615 835 de
645 809 725 847 qua
757 795 865 834 infra
897 795 937 833 in
967 801 1043 834 art.
1074 795 1125 834 V.

295 861 499 913 Exempla
529 861 578 900 de
607 860 728 899 iustis
758 860 898 899 causis
925 859 1184 910 reprobandi
1214 864 1360 898 testem
1387 858 1628 897 referuntur
1656 857 1697 896 in
1728 858 1808 897 De-

187 925 429 965 cretalibus.
467 925 535 964 Sic
568 924 624 963 ait
657 924 924 964 Coelestinus
957 924 1016 963 Ill
1051 923 1092 961 in
1126 936 1219 974 cap.
1258 926 1275 962 1
1311 938 1331 962 «
1355 923 1404 961 de
1437 922 1805 973 exceptionibus»

189 990 262 1042 (ll,
288 992 354 1039 25)
379 990 430 1029 X:
460 1004 479 1028 «
506 989 548 1029 Si
574 989 751 1028 erimina
776 987 953 1027 testibus
979 987 1248 1034 obiiciuntur,
1276 987 1326 1027 de
1352 987 1506 1039 quibus
1531 1000 1615 1026 non
1641 986 1808 1025 fuerant

186 1055 389 1094 hactenus
420 1053 621 1100 accusati,
656 1053 729 1092 sed
762 1058 922 1091 tantuin
955 1066 1029 1103 per
1058 1051 1353 1102 exceptionem
1386 1056 1675 1101 opponuntur,
1710 1064 1808 1102 pro-

186 1118 300 1158 batio
334 1118 504 1157 illorum
539 1117 762 1157 criminum
797 1116 1033 1155 exhibenda
1065 1122 1145 1162 est,
1183 1121 1409 1167 antequam
1443 1129 1570 1154 causa
1607 1129 1681 1166 per
1716 1129 1809 1155 sen-

186 1182 360 1221 tentiam
389 1181 657 1221 terminetur:
690 1195 784 1220 cum
814 1180 938 1231 (sicut
967 1179 1170 1219 canonica
1200 1179 1386 1218 instituta
1418 1180 1651 1230 declarant)
1680 1184 1808 1219 testes

185 1246 347 1298 absque
380 1246 464 1285 ulla
497 1245 686 1291 infamia,
720 1245 784 1284 vel
814 1244 1077 1296 suspicione,
1111 1244 1175 1283 vel
1206 1243 1430 1283 manifesta
1462 1244 1643 1291 macula,
1676 1244 1718 1282 in
1748 1244 1809 1283 fe-

188 1311 320 1349 rendo
351 1309 592 1349 testimonio
622 1309 907 1360 requirantur.

295 1374 418 1423 Quod
451 1374 485 1413 si
513 1374 608 1413 vsola
640 1373 815 1413 crimina
846 1373 897 1412 de
928 1373 1084 1424 quibus
1113 1373 1164 1412 ab
1196 1372 1280 1412 alio
1310 1378 1500 1424 tempore
1534 1372 1712 1412 convicti
1743 1372 1808 1412 vel

188 1439 372 1478 confessi
396 1439 582 1486 fuerunt,
608 1438 786 1477 testibus
812 1437 1084 1485 obiiciuntur,
1111 1450 1133 1476 a
1159 1437 1401 1477 testimonio
1426 1437 1576 1488 repelli
1603 1443 1804 1488 possunt:

188 1502 284 1555 quia
315 1503 422 1542 sicut
452 1503 693 1555 Stephanus
723 1503 840 1553 Papa
866 1508 908 1541 et
937 1502 1006 1541 alii
1038 1501 1268 1541 Pontifices
1296 1502 1414 1541 multi
1446 1502 1626 1541 Romani
1653 1508 1809 1542 testan-

188 1574 271 1616 tur,
301 1582 384 1606 non
411 1573 473 1607 est
502 1568 759 1607 eredendum
788 1573 933 1607 contra
962 1567 1070 1607 alios
1095 1580 1245 1606 eorum
1274 1566 1548 1614 confessioni,
1579 1566 1660 1606 nisi
1693 1566 1810 1618 prius

188 1646 232 1672 se
262 1632 535 1683 probaverint
562 1631 857 1671 innocentes...
891 1630 1056 1671 Sufficit
1080 1645 1186 1683 ergo
1212 1631 1249 1670 si
1279 1644 1301 1670 a
1332 1631 1594 1683 perhibendo
1623 1631 1809 1670 testimo-

188 1696 259 1735 nio
285 1696 560 1747 repellantur,
590 1695 841 1747 praesertim
867 1695 936 1734 ubi
965 1695 1138 1742 crimen,
1167 1695 1280 1747 quod
1304 1694 1368 1734 eis
1396 1694 1606 1742 obiicitur,
1635 1707 1808 1734 causam

191 1762 240 1800 de
268 1774 350 1812 qua
378 1761 531 1812 agitur,
561 1760 804 1812 contingere
832 1773 915 1799 non
942 1759 1105 1799 videtur
1128 1774 1164 1798 ».

296 1826 531 1878 Gregorius
562 1831 702 1865 autem
734 1826 785 1864 lx
818 1827 829 1845 ¹
864 1825 923 1864 sic
956 1824 1199 1877 distinguit:
1235 1824 1587 1864 «Testimonium
1615 1825 1710 1864 eius
1743 1824 1808 1864 0111

189 1891 240 1930 ab
277 1892 454 1930 adversa
491 1896 609 1941 parte
645 1890 875 1941 opponitur
909 1889 1082 1936 crimen,
1120 1889 1269 1928 merito
1304 1890 1558 1940 reprobatur
1596 1889 1636 1927 in
1672 1889 1812 1928 crimi-

190 1955 273 1994 nali
308 1968 451 2002 cau-sa,
487 1955 574 1994 sive
608 1954 734 2001 civili,
772 1954 806 1993 si
841 1954 883 1992 in
916 1953 1010 2005 ipso
1044 1953 1218 1993 crimine
1253 1959 1508 2004 perseveret.
1547 1953 1590 1992 Si
1625 1966 1724 1992 vero
1758 1953 1810 1992 sit

190 2020 239 2059 de
273 2019 446 2059 crimine
475 2019 740 2066 emendatus,
771 2025 812 2058 et
840 2032 939 2058 eum
969 2032 1052 2057 non
1085 2018 1305 2058 comitetur
1336 2017 1525 2064 infamia,
1559 2031 1642 2057 non
1672 2022 1737 2057 est
1766 2017 1808 2056 in

191 2098 317 2123 eausa
342 2084 468 2131 civili,
494 2085 558 2123 vel
580 2084 709 2123 etiam
733 2098 827 2123 cum
851 2084 901 2123 de
927 2083 1100 2123 crimine
1127 2082 1303 2122 civiliter
1328 2082 1467 2134 agitur
1493 2084 1810 2134 (praeterquam

190 2162 268 2200 pro
300 2154 417 2188 reatu
451 2148 643 2199 periurii)
675 2148 962 2199 repellendus.
998 2147 1045 2186 In
1074 2146 1286 2186 criminali
1316 2152 1458 2185 autem
1491 2147 1525 2186 si
1558 2146 1599 2185 in
1632 2146 1716 2185 alio
1749 2146 1812 2185 iu-

190 2212 316 2257 dicio,
343 2213 528 2251 instituta
553 2212 822 2251 accusatione
845 2217 990 2251 contra
1015 2211 1170 2262 ipsum,
1197 2211 1246 2250 de
1271 2210 1444 2250 crimine
1469 2210 1685 2250 convietus
1709 2210 1811 2250 exti-

189 2277 250 2323 tit,
286 2278 349 2315 vel
383 2278 628 2316 confessus:
664 2277 728 2316 vel
762 2276 796 2316 si
830 2290 939 2316 nunc
973 2289 1047 2327 per
1076 2275 1371 2326 exception-ein
1401 2275 1554 2314 exinde
1586 2274 1811 2314 vconvinca-

192 2346 279 2380 tur:
316 2346 383 2379 aut
416 2347 588 2392 gravata
621 2341 673 2380 sit
699 2341 794 2380 eius
826 2340 970 2393 opinio
1003 2353 1080 2391 pro
1109 2353 1161 2379 eo
1195 2340 1308 2391 quod
1341 2339 1595 2391 quandoque
1627 2339 1705 2378 fuit
1736 2338 1809 2378 tali

193 2405 318 2444 niodo
354 2405 566 2456 repulsus,
603 2405 796 2456 quamvis
831 2404 872 2443 in
908 2405 986 2444 1100
1021 2418 1121 2443 casu
1156 2418 1240 2443 non
1272 2404 1569 2443 excluderetur
1605 2403 1646 2442 in
1683 2415 1811 2442 causa

193 2468 319 2515 civili,
353 2474 488 2520 potest
517 2483 537 2507 a
568 2469 808 2509 testimonio
838 2469 951 2519 (licet
977 2468 1111 2520 egerit
1140 2467 1458 2520 poenitentiam)
1487 2465 1755 2507 removeri».

304 2534 351 2572 [ft
384 2547 483 2572 vero
515 2539 657 2585 partes
689 2534 953 2573 considerate
986 2533 1218 2584 procedant
1249 2532 1488 2572 inducendo
1519 2538 1662 2579 testes,
1695 2536 1812 2572 cavet

195 2597 211 2641 ἓ
238 2599 274 2636 3.
307 2599 413 2638 Pars
442 2598 641 2637 alterutra
671 2598 813 2648 nequi!
843 2597 932 2637 iure
962 2598 1209 2649 reprobare,
1240 2597 1353 2648 quod
1383 2603 1523 2636 manet
1552 2597 1811 2636 declaratum
1860 2595 1865 2598 ’

194 2661 233 2700 111
266 2661 281 2704 ἓ
311 2664 350 2707 2,
383 2675 611 2711 personam
643 2662 758 2700 testis
792 2675 916 2711 quem
948 2662 1039 2711 ipsa
1072 2674 1150 2711 pro
1183 2660 1271 2699 iure
1304 2673 1381 2700 suo
1414 2660 1575 2699 induxit
1607 2659 1808 2712 legitime;

191 2726 267 2765 sed
300 2725 397 2777 quia
431 2725 636 2764 rationale
671 2725 789 2764 debet
823 2738 918 2764 esse
952 2724 1277 2775 praescriptum,
1314 2724 1558 2776 adiungitur
1588 2724 1808 2773 exceptio:

293 2861 299 2881 ¹
330 2859 423 2903 Cap.
453 2861 498 2893 54
526 2875 539 2890 «
564 2859 612 2893 de
640 2858 813 2893 testibus
840 2862 880 2893 et
906 2858 1239 2892 attestationibus
1264 2874 1278 2887 »
1309 2858 1374 2901 (ΙΙ,
1404 2859 1462 2901 20)
1494 2858 1543 2892 X.
