1914 3083
1728 4 1733 9 <
1760 0 1815 26 1ξῂ

189 109 257 142 274
630 108 720 141 L1ss.
751 107 816 140 lv.
846 125 858 130 -
887 105 1052 140 PARS-1.
1082 125 1094 129 -
1122 104 1179 139 De
1205 104 1361 139 iudiciis
1599 104 1695 140 Can.
1723 106 1820 141 1754
1863 79 1908 163 “g-¹3

193 240 241 267 ex
275 225 588 265 continuatione
620 225 730 264 facta
763 224 803 262 in
838 223 1105 275 praecedenti
1139 223 1302 263 titulo»
1338 223 1417 274 (De
1451 222 1810 274 probationibus).

193 307 212 329 «
235 291 309 330 Vol
349 290 486 341 magis
518 288 718 340 specifice
755 288 836 328 sic:
878 288 1014 338 Supra
1050 288 1188 327 visum
1221 293 1286 327 est
1321 288 1371 327 de
1407 287 1733 338 probationibus
1768 288 1811 327 in

193 368 368 403 genere:
407 353 556 393 merito
591 359 631 392 ut
668 353 805 404 magis
840 353 1105 395 claresceret,
1145 352 1311 391 subiicit
1348 352 1398 391 de
1431 352 1674 403 speciebus,
1711 352 1810 404 quia

195 419 448 472 quandoque
498 418 703 469 probatur
736 430 810 468 per
840 422 983 460 165165,
1017 417 1272 469 quandoque
1304 430 1379 469 per
1410 415 1704 465 instrumenta,
1737 430 1815 468 per

192 482 564 534 praesumptiones
591 488 632 521 et
664 495 738 532 per
771 480 1088 520 iusiurandum:
1125 481 1219 520 ideo
1253 481 1302 520 de
1334 481 1401 520 his
1434 480 1630 521 omnibus
1664 487 1815 521 tractat

195 549 232 586 in
264 546 553 601 sequentibus,
585 552 621 585 et
649 546 746 597 quia
777 545 988 597 probatio.
1017 558 1126 596 quae
1156 545 1198 584 fit
1229 558 1304 596 per
1331 550 1474 591 testes,
1503 551 1567 584 est
1593 545 1815 585 efficacior

193 611 303 659 aliis,
335 625 429 651 cum
458 611 528 650 fiat
558 611 650 650 vira
682 624 798 653 voce,
830 610 926 649 ideo
957 609 1183 660 praemittit
1215 615 1438 649 tractatum
1469 610 1519 649 de
1549 609 1741 657 testibus,
1772 615 1816 649 61,

196 682 342 727 postea
370 675 577 716 subnectit
605 675 655 715 de
682 674 777 714 aliis
800 674 1028 725 speciebus
1051 688 1086 713 ».

301 740 440 779 Testis
461 746 548 779 est:
576 754 595 778 «
620 752 819 790 per-sona,
845 752 952 790 quae
978 738 1103 778 fidem
1126 738 1226 777 facit
1252 738 1301 778 de
1326 738 1469 790 aliquo
1493 738 1605 778 facto
1628 753 1664 778 ».
1694 738 1817 778 Eius-

196 805 290 844 dem
314 804 421 843 tales
441 803 783 843 asseverationes
809 803 999 854 prolatae
1027 815 1169 842 coram
1194 816 1260 850 eo,
1289 803 1355 842 eui
1382 802 1488 842 fides
1513 802 1707 842 facienda
1731 808 1814 850 est,

191 875 231 908 et
264 868 532 919 subscriptae
567 881 593 907 a
630 873 750 915 teste,
789 873 992 906 vocantur
1031 867 1333 906 attestationes.
1375 867 1465 906 Hae
1504 872 1683 919 possunt
1717 880 1817 906 esse

191 932 552 980 extraiudieiales9
588 946 624 972 v.
660 946 723 985 gr.
756 933 809 972 de
846 938 1060 971 contractu
1096 932 1160 970 hic
1192 937 1233 971 et
1266 945 1375 971 nunc
1410 931 1528 979 inito⁷
1565 931 1651 983 qui,
1688 931 1723 971 si
1756 936 1818 970 16-

191 1003 446 1037 stamentum
479 1003 555 1044 est,
589 1002 717 1036 testes
748 1002 951 1036 vocantur
982 995 1301 1040 testamentarii,
1336 996 1401 1035 vel
1434 996 1669 1043 iudiciales
1704 1009 1816 1048 quae

195 1062 234 1101 in
272 1062 426 1101 iudicio
459 1068 499 1101 et
534 1062 719 1113 legitime
756 1061 873 1100 fiunt.
913 1062 973 1100 De
1008 1061 1074 1101 1115
1105 1060 1447 1100 attestationibus
1480 1061 1622 1113 agitur
1658 1061 1698 1099 in
1734 1061 1816 1100 1106

199 1126 349 1177 capite,
383 1132 425 1165 ut
459 1132 586 1177 patet.

307 1191 442 1230 Porro
469 1197 511 1230 ut
538 1191 644 1230 fides
671 1190 917 1229 concilietur
945 1189 1067 1229 dictis
1094 1189 1274 1229 alicuius
1302 1202 1525 1240 personae,
1556 1202 1728 1228 ommno
1754 1203 1822 1228 re-

195 1255 376 1307 quiritur
414 1254 453 1294 in
492 1255 569 1294 hac
608 1254 792 1306 cognitio
830 1254 928 1293 sacti
968 1254 1017 1293 de
1058 1268 1142 1305 quo
1179 1253 1467 1293 testimonium
1503 1254 1738 1306 quaeritur,
1776 1260 1820 1293 et„

196 1320 313 1360 testi-s
342 1319 533 1371 probitas
562 1319 725 1366 saltem,
756 1332 863 1370 quae
892 1319 1159 1358 mendacium
1188 1318 1382 1357 excludat
1414 1319 1644 1358 secundum
1674 1331 1820 1358 mores

196 1385 427 1424 hominum.
454 1385 504 1424 [t
529 1398 630 1435 ergo
655 1384 790 1423 adsint
815 1384 892 1422 hae
916 1384 1023 1422 duae
1048 1383 1311 1423 conditiones
1335 1383 1507 1422 omnino
1530 1383 1815 1429 necessariae,

200 1455 239 1488 111
264 1449 388 1488 iudex
410 1454 495 1487 tuta
518 1448 774 1488 conscientia
797 1447 1015 1487 veritatem
1036 1447 1135 1487 sacti
1156 1447 1195 1487 ei
1218 1447 1504 1487 necessariam
1527 1453 1689 1495 noscat,
1714 1448 1823 1487 mul-

197 1521 261 1552 tae
297 1513 448 1552 dantur
482 1513 612 1564 leges,
650 1526 757 1563 quae
794 1512 833 1550 in
870 1516 1094 1563 sequentes
1129 1511 1331 1551 articulos
1368 1510 1615 1551 distributae
1648 1517 1761 1551 sunt.

307 1577 637 1617 Praenuttumur
673 1590 773 1615 vero
811 1577 895 1615 duo
933 1589 1131 1623 6111101165,
1173 1589 1346 1628 nempe:
1388 1589 1479 1615 can.
1523 1579 1621 1615 1754
1661 1576 1710 1615 de
1745 1576 1824 1615 ad-

199 1642 396 1681 mittenda
440 1642 688 1693 probatione
728 1641 987 1687 huiusmodi,
1030 1646 1154 1692 prout
1194 1641 1396 1680 hactenus
1438 1654 1606 1694 semper
1644 1640 1685 1679 in
1726 1641 1820 1680 iure

202 1705 421 1752 canonico,
468 1706 580 1757 quod
627 1705 813 1744 imitatur
857 1705 923 1744 ius
968 1704 1157 1744 divinum
1202 1717 1330 1755 supra
1374 1718 1643 1756 expressum,
1691 1710 1818 1757 atque

199 1784 290 1811 ean.
336 1773 434 1810 1753
476 1776 668 1809 accurate
709 1783 927 1821 exponens
966 1769 1136 1809 testium
1176 1769 1459 1822 obligationes
1498 1783 1600 1822 erga
1643 1769 1822 1810 interro-

199 1840 367 1887 gantem
398 1834 594 1873 iudicem.

298 1906 404 1940 257.
431 1905 722 1950 Legitimitas
748 1905 1029 1949 probationis
1055 1915 1134 1950 per
1159 1906 1315 1940 testes.
1334 1900 1447 1938 —In
1476 1899 1503 1938 l.
1538 1902 1585 1938 15
1615 1899 1644 1939 C
1652 1899 1719 1938 od.
1753 1899 1817 1938 De

201 1964 280 2003 side
306 1964 424 2003 instr.
454 1964 507 2003 ait
533 1963 737 2004 Contino:
766 1979 785 2003 «
810 1964 850 2002 in
872 1963 1124 2003 exercendis
1148 1963 1293 2002 litibus
1315 1963 1494 2002 eandem
1519 1962 1603 2001 vim
1630 1962 1818 2001 obtinent

197 2035 281 2068 tam
311 2028 416 2067 sides
446 2028 821 2067 instrumentorum
850 2041 977 2080 quam
1007 2027 1297 2079 depositiones
1324 2026 1552 2066 testium».
1585 2026 1720 2078 Atque
1752 2027 1820 2065 ius

201 2092 483 2131 Decretalium
515 2093 591 2131 has
623 2097 897 2131 connumerat
924 2091 1023 2131 aliis
1055 2091 1380 2143 probationibus
1411 2091 1551 2143 quoad
1586 2091 1725 2130 omnia
1758 2091 1822 2130 iu-

200 2156 323 2203 dicia,
348 2158 446 2195 dum
468 2156 526 2196 sic
548 2156 734 2208 loquitur
757 2156 974 2196 Honorius
995 2157 1055 2195 111
1080 2156 1120 2194 111
1143 2170 1236 2207 cap.
1264 2158 1310 2195 13
1332 2171 1352 2195 «
1376 2156 1425 2195 de
1447 2155 1774 2208 probationibus
1797 2170 1819 2194 »

202 2221 273 2271 (ΙΙ,
306 2223 369 2271 19)
394 2221 446 2261 X.
477 2236 497 2259 «
521 2221 628 2260 Cum
655 2234 842 2267 causam,
873 2234 980 2272 quae
1007 2220 1114 2260 inter
1143 2220 1387 2260 Colubrien.
1415 2226 1457 2260 et
1486 2220 1653 2273 Egssan,
1684 2219 1818 2272 episc.

197 2298 327 2335 super
357 2298 529 2324 suarum
559 2284 807 2324 limitatione
837 2285 1079 2324 dioec-esum
1109 2284 1297 2331 vertitur⁷
1328 2284 1450 2324 vobis
1480 2285 1678 2324 duximus
1708 2297 1822 2324 60111-

200 2349 466 2388 mittendam:
508 2349 776 2395 Mandamus,
816 2354 1023 2400 quatenus
1061 2349 1305 2388 secundum·
1330 2348 1561 2388 divisiones
1598 2361 1705 2400 quae
1744 2362 1821 2399 per

203 2412 333 2451 libros
375 2412 584 2464 antiquos,
627 2414 691 2452 vel
735 2413 818 2453 alio
858 2413 985 2452 modo
1027 2413 1179 2453 melius
1221 2413 1530 2464 probabuntur,
1574 2426 1736 2453 necnon
1778 2418 1819 2452 et

201 2482 341 2523 testes,
381 2479 552 2516 famam.
594 2483 629 2515 61
669 2491 959 2529 quaecumque
999 2477 1080 2516 alia
1116 2477 1391 2519 adminicula,
1433 2477 1473 2516 in
1512 2477 1683 2530 negotio
1722 2491 1823 2528 pro-

200 2540 358 2580 cedatis
381 2555 416 2579 ».
1084 2585 1089 2588 Ι

306 2603 521 2655 Quidquid
561 2617 662 2655 ergo
703 2605 822 2643 aliter
858 2605 1038 2644 senserit
1075 2606 1223 2644 schola
1262 2605 1547 2646 Bononiensis
1585 2605 1694 2645 eirca
1734 2619 1822 2644 me-

201 2667 396 2706 dietatem
425 2667 582 2706 saeculi
616 2668 700 2714 XV,
732 2668 797 2707 vel
825 2668 953 2708 etiam
983 2674 1150 2708 teneant
1182 2668 1326 2709 civiles
1359 2669 1553 2717 Codices,
1587 2683 1678 2710 can.
1716 2669 1819 2709 1754

201 2737 260 2777 sic
299 2737 550 2789 praescribit
590 2738 785 2789 equidem
824 2739 946 2777 iuste.
988 2739 1190 2778 Probalio
1232 2739 1444 2779 iudicialis
1486 2740 1537 2779 ob
1579 2739 1849 2792 inscriptio-'

201 2814 296 2840 nem
330 2801 471 2840 Partis
506 2801 631 2840 huius
667 2807 704 2840 et
740 2815 790 2840 ex
826 2807 1021 2841 contextu
1058 2802 1233 2841 canonis
1268 2816 1346 2852 per
1381 2807 1523 2851 testes,
1560 2817 1670 2843 unus
1704 2803 1820 2842 enim

202 2877 284 2904 non
318 2863 468 2903 suflicit
500 2864 572 2903 sed
607 2865 690 2903 duo
723 2865 871 2904 saltem
921 2870 1145 2912 contestes,
1197 2879 1271 2905 seu
1322 2865 1433 2905 idem
1484 2866 1655 2918 omnino
1707 2880 1823 2906 asse-
