1914 3083
174 77 242 109 184
616 77 704 109 Lm.
735 76 799 109 IV.

175 200 402 239 promotore
430 194 612 228 iustitiae
639 198 709 227 aut
748 193 958 227 defensore

176 242 345 286 vinculi,
375 242 534 285 quoties
560 242 708 275 honum
753 240 958 284 publicum

176 289 219 324 id
245 289 449 333 postulare
477 289 680 323 videatur.

223 337 324 371 CAN.
354 338 458 371 1673.
488 356 500 361 -
528 339 544 377 §
572 338 605 370 1.
623 335 685 370 Ad
700 334 845 369 crediti
866 346 960 379 quo-

177 395 252 427 que
296 384 553 418 securitatem
597 382 864 426 sequestratio
902 382 958 416 rei

176 431 421 475 admittitur,
450 430 667 465 dummodo
701 430 750 464 (le
790 429 961 464 credito-

178 478 233 512 ris
260 478 348 512 iure
373 478 532 532 liquido
558 481 717 512 constet
743 480 784 512 et
802 480 962 511 servata

177 536 317 560 norma
343 525 392 560 de
419 537 497 570 qua
522 526 564 559 in
592 536 679 560 can.
710 526 816 568 1923,
846 528 862 566 ᾗ
890 526 923 558 1.

226 576 242 614 {x
301 574 335 607 2.
395 573 671 618 Sequestlatio
726 571 963 607 extenditur

178 620 301 654 etiam
337 620 388 655 11(1
423 632 487 656 105
525 620 724 655 debitolis
756 630 857 664 quae
897 619 963 653 de—

178 667 302 711 positi
329 679 448 703 causa
481 672 552 703 aut
585 668 767 712 quolibet
802 667 884 702 alio
916 666 963 701 ti—

179 715 266 749 tulo
315 716 423 760 apud
473 716 574 750 alias
624 725 814 760 personas
854 725 965 759 repe-

179 762 351 798 riantur.

227 809 328 844 CAN.
358 811 464 846 1674.
493 831 505 835 -
533 810 806 854 Sequestratio
840 809 899 843 rei
926 813 967 843 et

182 858 392 902 suspensio
435 858 621 893 exercitii
664 858 765 892 iuris
803 857 966 891 decerni

181 905 417 940 nullatenus
458 909 638 950 possunt,
693 906 725 940 si
777 905 966 939 damnum

828 95 840 100 -
871 76 976 109 l'Aus
1004 75 1034 108 Ι.

1063 95 1076 99 -
1110 75 1162 108 Dc
1188 75 1344 109 iudiciis

1033 197 1072 227 et
1100 193 1248 227 idonea
1271 193 1405 227 cautio
1432 193 1482 227 de
1508 204 1555 228 eo
1593 194 1816 238 reparando

1034 240 1240 275 offeratur.

1080 287 1180 322 CAN.
1210 289 1314 322 1675.
1343 307 1357 312 —
1384 291 1399 329 §
1427 290 1459 321 1.
1502 288 1564 322 Ad
1590 287 1815 322 custodiam

1034 335 1092 369 rei
1113 334 1426 379 sequestrationi
1447 335 1654 370 subiectae
1672 335 1820 370 idonea

1034 393 1217 427 persona,
1258 383 1578 426 proponentibus
1619 383 1815 427 partibus,

1035 442 1054 464 11
1083 429 1217 464 111(1100
1232 430 1479 474 designetur,
1497 441 1598 474 quae
1613 434 1819 474 sequester

1036 477 1200 521 dicitur,
1229 477 1262 511 si
1289 480 1425 521 partes
1451 477 1559 512 inter
1585 488 1627 512 se·
1665 477 1819 512 dissen-

1036 524 1156 568 tiant,
1185 524 1308 559 iudex
1335 536 1384 558 ex
1411 524 1546 559 officio
1573 528 1820 569 sequestrem

1037 572 1203 616 deligat.

1085 623 1101 661 ,t
1128 619 1393 663 2500110510]-
1414 618 1457 653 in
1475 630 1517 654 re
1536 619 1815 663 custodienda,

1039 666 1217 701 curanda
1242 671 1282 701 et
1310 678 1399 701 szrx
1404 667 1480 700 and
1486 678 1507 701 11
1526 678 1607 701 non
1626 668 1820 702 minorem

1038 714 1229 759 diligenti
1234 725 1297 748 am
1325 714 1517 749 adhibere
1545 715 1666 749 debet
1704 725 1821 759 quam

1040 762 1122 797 suis
1140 762 1310 796 adhibet
1326 762 1459 806 rebus,
1481 773 1647 806 eamque
1666 765 1819 806 postea,

1039 810 1103 844 cui
1131 810 1253 844 iudex
1281 809 1521 853 decreverit,
1560 810 1728 844 reddere
1766 813 1822 844 te—

1039 860 1159 892 netur
1185 868 1272 892 cum
1300 857 1409 891 omni
1436 868 1568 891 causa.

1089 909 1105 946 ᾧ
1131 906 1166 940 3.
1207 905 1332 939 Iudex
1376 915 1590 950 congruam
1633 904 1826 939 decernat

183 953 290 997 quod
307 953 487 998 timetur,
507 954 636 998 possit
653 953 773 988 aliter
791 952 967 997 reparari
1041 952 1265 987 mercedem
1293 953 1505 996 sequestri,
1523 952 1556 987 si
1583 963 1669 986 eam
1696 955 1822 996 petat.

287 1057 391 1091 152.
420 1055 664 1099 Inscriptio
691 1054 925 1099 capitis.--
947 1048 1096 1100 Incipit
1125 1048 1271 1088 titulus
1298 1048 1339 1087 iu
1367 1048 1486 1087 cuius
1513 1047 1720 1087 divisione
1747 1061 1815 1087 ca-

189 1129 322 1155 nones
347 1120 635 1160 recensentur.
663 1114 734 1166 qui
761 1114 1034 1153 moderantur
1061 1112 1158 1152 illas
1184 1112 1386 1154 actiones,
1412 1126 1522 1163 quae
1551 1110 1810 1163 specialibus

190 1179 352 1219 normis
378 1179 418 1217 in
445 1178 535 1218 iure
562 1177 734 1218 Codicis
762 1177 1057 1224 subiiciuntur,
1087 1176 1142 1216 ita
1169 1182 1212 1215 ut
1240 1182 1402 1215 ceterae
1431 1176 1555 1215 simul
1585 1189 1632 1215 ac
1661 1188 1811 1226 excep-

190 1245 326 1283 tiones
354 1243 461 1283 aliae
493 1242 784 1294 relinquantur
814 1242 891 1281 sub
921 1240 1084 1280 normis
1113 1240 1385 1291 generalibus
1416 1239 1684 1279 iudiciorum.
1719 1239 1811 1278 Hoc

190 1322 272 1347 non
316 1307 506 1359 impedit,
553 1306 781 1359 quominus
823 1306 949 1345 iudex
994 1311 1119 1357 queat
1160 1318 1380 1344 recursum
1423 1304 1579 1343 habere
1621 1304 1673 1343 de
1718 1303 1812 1343 tiliis

190 1371 428 1411 actionibus
465 1377 503 1410 et
539 1370 862 1421 exceptionibus
899 1370 951 1409 ad
991 1369 1275 1408 Deci-etalium
1313 1368 1451 1419 capita
1489 1374 1527 1407 et
1564 1368 1645 1407 alia
1685 1368 1813 1407 docu-

192 1442 330 1475 menta
364 1435 558 1481 iuridica,
594 1435 750 1474 utendo
784 1434 844 1473 eis
877 1434 1002 1473 veluti
1036 1433 1198 1472 normis
1231 1432 1459 1472 directixis.
1496 1432 1688 1471 Attamen
1724 1432 1811 1477 illa,

192 1500 317 1539 voluti
354 1499 458 1539 iuris
494 1504 736 1550 praecepta,
776 1514 795 1536 «
818 1497 903 1537 rim
938 1497 1335 1553 omnemtamisissc
1371 1496 1549 1536 dicenda
1587 1502 1683 1536 sunt
1706 1510 1725 1535 11
1763 1496 1816 1535 ad

194 1576 386 1602 normam
418 1576 510 1601 can.
544 1564 584 1609 6,
618 1564 673 1607 6⁰,
709 1562 879 1613 quando
914 1578 932 1598 «
958 1575 1031 1600 nec
1066 1560 1263 1611 explicite
1298 1574 1373 1599 nec
1406 1560 1609 1611 implicite
1643 1560 1683 1598 in
1720 1559 1814 1599 aliis

192 1643 251 1668 ss.
295 1628 529 1667 canonibus
569 1627 876 1674 contineantur,
918 1626 983 1665 vel
1023 1626 1160 1677 legem
1201 1624 1441 1664 contineant
1481 1624 1586 1664 iuris
1625 1623 1814 1664 divini».

196 1693 376 1743 Insuper
408 1697 578 1743 possent
611 1691 681 1730 illa
714 1704 882 1743 quoque
913 1690 1126 1729 deservire
1160 1690 1211 1729 ad
1239 1689 1530 1740 supplendum
1561 1688 1641 1735 ius,
1675 1694 1819 1740 quate-

197 1770 274 1796 nus
313 1756 498 1795 reserant
537 1754 794 1807 «generalia
836 1754 940 1793 iuris
981 1753 1190 1804 principia
1231 1767 1325 1792 cuin
1364 1752 1573 1804 aequitate
1613 1752 1815 1791 canonica

198 1820 404 1860 servanda
429 1836 449 1859 ))
481 1820 533 1859 ad
566 1833 758 1858 normam
789 1832 881 1858 can.
914 1820 978 1865 20,
1012 1818 1075 1857 vel
1106 1817 1335 1856 manserint
1369 1817 1452 1856 «in
1487 1817 1595 1868 stylo
1626 1822 1665 1856 et
1695 1816 1817 1868 praxi

198 1885 351 1925 Curiae
378 1886 593 1924 Romanae
617 1890 657 1923 et
683 1884 722 1922 in
747 1883 959 1923 communi
986 1882 1279 1934 constantique
1305 1882 1510 1921 sententia
1536 1882 1757 1921 doctorum
1779 1895 1815 1919 1).

304 1950 441 2000 Caput
480 1950 512 1988 I.
557 1947 740 1987 continet
780 1947 876 1986 illas
913 1947 1117 1993 actiones,
1160 1959 1267 1997 quac
1308 1959 1329 1985 a
1372 1945 1527 1985 Codice
1570 1944 1679 1997 parti
1720 1945 1820 1983 alte—

202 2013 306 2054 rutri
335 2013 622 2053 conceduntur
651 2012 691 2051 in
718 2012 939 2051 tuitionem
969 2011 1133 2063 proprii
1163 2011 1282 2057 iuris,
1313 2011 1413 2050 dum
1442 2010 1545 2049 illud
1574 2015 1714 2049 manet
1744 2009 1821 2049 sub

201 2077 284 2124 lite,
314 2078 378 2116 vel
409 2076 639 2117 sententiae
669 2076 718 2115 de
749 2076 821 2114 illo
851 2076 959 2114 latae
991 2074 1182 2115 executio
1211 2074 1405 2113 differtur
1434 2074 1623 2124 quolibet
1653 2087 1703 2113 ex
1733 2086 1820 2113 mo-

200 2143 297 2189 tivo,
339 2156 385 2181 ac
423 2141 622 2181 fortassis
660 2146 834 2192 propter
874 2139 1167 2190 interpositam
1206 2138 1550 2189 appellationem.
1594 2136 1820 2188 Inscriptio

201 2209 259 2245 sic
294 2220 385 2246 sese
421 2206 559 2245 habet.
596 2206 658 2244 De
693 2206 753 2244 rei
789 2205 865 2244 sub
902 2203 1189 2243 controversia
1225 2202 1433 2242 versantis
1468 2202 1819 2253 sequestratione.

202 2271 242 2309 id
270 2276 357 2310 est:
391 2269 626 2309 «iudiciali
652 2269 848 2320 deposito
879 2268 993 2319 apud
1024 2267 1188 2307 tertiam
1220 2280 1447 2318 personam
1478 2265 1696 2307 custodiae
1726 2279 1822 2305 cau-

204 2349 247 2373 511
273 2349 308 2379 »,
348 2339 384 2373 et
425 2334 671 2373 inhibitione
712 2346 786 2384 per
825 2331 978 2371 iudicis
1017 2331 1230 2371 decretum
1270 2331 1459 2370 εχει-01111
1498 2331 1550 2369 01)
1590 2329 1822 2382 legitimam

203 2411 375 2436 causam
410 2397 697 2448 suspendendi
734 2397 834 2436 iuris-
870 2396 971 2435 certi
1006 2401 1076 2434 ant
1110 2395 1386 2434 controversi.
1424 2395 1499 2434 illa
1534 2394 1727 2434 inhibitio
1761 2400 1823 2433 cst

204 2462 368 2513 specics
406 2461 604 2512 depositi,
645 2467 681 2500 et
720 2461 773 2500 ad
812 2461 918 2499 hanc
957 2459 1250 2499 inhibitionem
1289 2458 1503 2498 reducitur
1542 2456 1823 2510 sequestratio

205 2539 429 2578 personae,
465 2538 543 2577 pro
576 2538 692 2564 more
726 2524 926 2575 loquendi
961 2529 1195 2562 auctorum.

305 2596 407 2630 153.
435 2595 635 2630 Canones
661 2594 795 2629 huius
821 2593 986 2638 capitis
1026 2593 1121 2626 sunt
1146 2593 1344 2638 quatuor.
1375 2587 1478 2626 Can.
1511 2588 1626 2633 1672,
1652 2591 1693 2625 et.
1722 2587 1818 2625 1674

206 2657 256 2694 de
300 2660 477 2706 utraque
523 2653 685 2693 actione
729 2653 853 2692 simul
899 2657 1042 2704 agunt,
1089 2664 1170 2702 qua
1213 2651 1265 2689 de
1311 2663 1437 2689 causa
1482 2664 1633 2701 nempe
1677 2662 1826 2701 seque-

208 2719 354 2759 stratio
383 2724 424 2758 et
455 2717 648 2758 inhibitio
680 2717 820 2756 locum
851 2716 1007 2755 habere
1040 2715 1220 2768 possint,
1255 2715 1368 2766 quod
1398 2715 1547 2754 edocet
1581 2728 1672 2754 can.
1709 2715 1824 2759 1672,

209 2790 242 2822 ct
288 2782 458 2835 quando
502 2781 714 2821 «decerni
756 2781 997 2819 nullatenus
1039 2785 1274 2830 possunt»,
1319 2778 1417 2818 dicit
1461 2792 1552 2818 can.
1602 2780 1715 2818 1673.
1761 2778 1823 2817 Ad

209 2846 589 2899 sequestrationem
640 2844 700 2884 rei
753 2844 1022 2895 restringitur
1076 2856 1167 2882 can.
1226 2844 1340 2890 1673,
1397 2842 1453 2882 uti
1508 2842 1824 2893 ampliationem
