1914 3083
1883 0 1914 75 ’ξ

210 95 276 128 164
660 95 747 128 Lir..
779 95 845 128 lv.
874 115 887 119 -
915 95 1025 129 PAns
1052 95 1082 128 Ι.
1112 116 1125 120 -
1152 95 1210 130 De
1238 95 1391 130 iudiciis
1621 98 1716 132 Can.
1746 99 1838 133 1657

209 213 423 265 subiungit
463 214 692 265 quamdam
729 213 981 264 praescripti
1022 214 1313 265 exceptionem
1351 216 1625 267 sequentibus
1664 217 1826 257 verbis:

211 278 487 325 acatholicus,
538 278 602 317 vel
648 277 748 329 quia
797 291 880 317 non
929 277 1066 318 valide
1115 278 1368 330 baptizatus,
1419 280 1483 319 vel
1532 280 1631 332 qui-‘a
1679 281 1832 321 defecit

210 355 233 381 a
276 341 356 381 fids>
398 347 465 380 aut
509 354 530 380 a
571 340 831 381 subiectione
872 342 1020 381 saltem
1061 355 1161 394 erga
1204 343 1443 382 Romanum
1484 343 1748 391 Pontificem,
1793 351 1831 384 et

213 406 461 445 alterutrum
485 420 538 444 ex
568 405 843 457 inaequivoea
874 405 1141 457 professione
1168 413 1342 446 externa
1370 407 1614 447 schismatis
1642 409 1705 447 vel
1735 409 1833 447 doc-

210 469 344 508 trinae
386 475 530 508 eontra
573 469 727 521 dogma
771 469 1005 517 definitum,
1049 484 1133 509 non
1175 471 1410 510 admittitur
1452 471 1541 511 iure
1584 473 1637 511 ad
1679 472 1832 512 alteru-

211 539 322 572 trum
352 547 518 574 munus,
551 534 632 572 uis-i
660 537 701 583 a)
728 548 806 584 per
837 535 1127 583 arreptionem
1158 534 1199 573 in
1231 548 1331 574 casu
1362 539 1398 574 et
1428 536 1472 585 b)
1502 550 1553 575 er
1582 537 1831 576 necessitate

210 597 386 650 physica
421 598 481 636 x'el
516 598 666 637 morali
700 599 751 637 ad
786 598 903 637 illurn
937 598 1256 638 admittendum.

318 662 456 701 Aliam
487 662 733 714 qualitatem
763 662 939 714 requirit
970 662 986 705 ἓ
1018 664 1053 701 9.
1088 664 1345 711 Adsecutus,
1381 678 1459 715 pro
1492 664 1572 704 isto
1604 679 1707 717 ergo
1738 666 1831 705 solo

210 740 398 774 munere,
433 728 554 766 debet
587 741 638 766 ex
671 728 937 779 praescripto
972 728 1076 767 iuris
1108 732 1344 779 praeterea,
1379 743 1451 768 seu
1486 729 1593 768 ultra
1627 730 1830 782 requisita

207 790 236 834 §i
269 799 459 843 praeest-5,
497 805 588 831 esse
622 795 663 839 a)
697 792 845 831 doctor
879 793 942 831 rel
974 793 1017 842 b)
1052 793 1213 843 alioqui
1249 807 1343 832 rere
1378 794 1555 843 peritus,
1592 794 1830 834 licentiatus

208 855 261 895 sit
299 869 429 894 necne
468 869 549 894 non
590 856 732 902 refert,
774 856 847 895 sed
888 856 1079 906 praecise
1120 870 1169 895 ac
1207 857 1355 896 saltem
1398 858 1437 896 in
1479 858 1567 897 iure
1607 859 1827 906 canonico,

211 920 339 958 verbo
381 920 617 959 «saltem»
660 920 857 959 innuente
902 920 1229 971 praeferendum
1272 935 1364 960 esse
1409 921 1527 960 illum
1570 922 1640 973 qui
1685 928 1722 961 et
1765 922 1830 961 ius

209 983 329 1023 civile
362 984 561 1036 patrium.
596 984 660 1023 vel
693 984 759 1024 ius
790 997 1029 1031 romanum,
1065 985 1228 1024 calleat.

318 1049 380 1088 Ad
409 1049 518 1088 hune
549 1049 689 1088 locum
718 1049 897 1099 pertinet
927 1062 1018 1088 can.
1052 1052 1100 1089 44
1131 1049 1256 1101 Legis
1286 1049 1487 1102 propriae
1521 1051 1557 1090 ¹:
1591 1049 1650 1094 «ἓ
1682 1053 1716 1090 1.
1753 1051 1833 1090 Ad-

209 1113 343 1152 vocati
380 1113 543 1164 proprii
582 1127 629 1152 ae
665 1113 792 1152 nativi
832 1113 986 1153 Sacrae
1025 1114 1155 1152 Rotae
1192 1119 1227 1152 et
1269 1113 1520 1165 Signaturae
1559 1114 1830 1164 Apostolicae

209 1183 305 1216 sunt
340 1177 532 1217 advocati
568 1176 902 1216 consistoriales.
940 1176 956 1220 ἓ
988 1179 1026 1216 2.
1064 1177 1351 1217 Admittuntur
1387 1183 1526 1217 tamen
1563 1183 1601 1217 et
1636 1177 1708 1217 alii
1743 1177 1831 1217 sive

211 1242 455 1281 sacerdotes
483 1241 569 1280 sive
600 1241 711 1288 laici,
743 1241 814 1292 qui
844 1241 987 1280 laurea
1019 1241 1225 1281 doctorali
1256 1242 1406 1281 saltem
1435 1241 1476 1280 in
1506 1241 1711 1282 canonico
1742 1242 1831 1281 iure

210 1305 416 1353 instructi,
456 1312 551 1357 post
586 1305 791 1345 triennale
828 1305 1082 1357 tyrocinium
1117 1306 1182 1345 vel
1220 1320 1301 1357 qua
1339 1306 1555 1346 adiutores
1593 1318 1723 1357 penes
1760 1306 1834 1346 311-

208 1384 333 1423 quem
368 1384 418 1410 ex
454 1370 746 1417 Auditoribus,
783 1371 848 1418 xjel
883 1384 1013 1421 penes
1049 1370 1233 1422 aliquem
1265 1385 1318 1410 ex
1355 1371 1572 1410 advocatis
1607 1371 1830 1418 rotalibus,

207 1436 320 1474 facto
350 1435 641 1486 experimento
671 1448 815 1474 coram
843 1435 967 1474 rotali
998 1435 1207 1487 Collegio,
1240 1436 1291 1474 ab
1322 1435 1471 1475 eodem
1502 1435 1643 1475 idonei
1673 1435 1829 1487 reperti

208 1501 304 1547 sint,
349 1500 538 1551 diploma
581 1500 884 1540 advocatorum
926 1500 1181 1551 acceperint,
1226 1514 1249 1539 a
1295 1500 1450 1540 Sacrae
1494 1500 1626 1540 Rotae
1668 1501 1830 1540 decano

207 1570 246 1603 et
277 1565 328 1603 31)
362 1578 445 1603 uno
478 1579 528 1604 ex
561 1564 738 1603 notariis
771 1564 1082 1615 subsignatum,
1117 1577 1165 1603 ac
1197 1563 1494 1603 iusiurandum
1527 1577 1670 1603 coram
1704 1563 1829 1603 rotali

209 1629 403 1680 Collegio
437 1629 629 1668 dederint
663 1629 713 1668 de
748 1641 921 1667 munere
956 1642 1006 1667 ex
1042 1628 1299 1668 conscientia
1335 1628 1611 1679 implendo».

315 1693 459 1732 Innoc.
500 1693 560 1732 ΙΙΙ
601 1693 950 1744 Compostellano
987 1692 1204 1732 rescribit:
1246 1693 1260 1712 ²
1299 1707 1319 1731 ((
1344 1692 1406 1732 Ex
1444 1698 1562 1743 parte
1598 1698 1669 1732 tua
1706 1692 1830 1732 nobis

207 1757 284 1796 fuit
320 1756 604 1809 propositum,
641 1757 755 1808 quod
790 1756 963 1808 quidam
997 1757 1189 1796 canonici
1224 1757 1460 1809 regulares,
1496 1770 1580 1796 non
1617 1757 1755 1796 solum
1789 1757 1830 1795 in

207 1821 523 1868 ecclesiasticis,
551 1835 697 1861 rerum
724 1821 849 1861 etiam
876 1822 917 1860 in
943 1822 1188 1861 forensibus
1214 1822 1370 1868 causis,
1400 1827 1676 1873 praesumunt
1703 1822 1830 1861 advo—

208 1887 290 1926 cati
317 1885 501 1925 officium
528 1899 740 1925 exercere.
771 1887 962 1938 Cumque
992 1886 1188 1925 obiicitur
1216 1887 1276 1926 eis
1301 1887 1417 1938 quod
1445 1900 1528 1925 non
1556 1887 1709 1926 debent
1734 1899 1831 1925 esse

207 1950 392 1990 forensis
425 1951 487 1989 vel
519 1950 795 1990 ecclesiastici
826 1950 984 2002 negotii
1017 1956 1288 2002 susceptores
1318 1950 1383 1989 vel
1417 1955 1715 2002 exequutores,
1749 1949 1829 1989 nisi

206 2016 316 2055 forte
356 2016 397 2055 id
437 2014 684 2055 monasterii
723 2021 929 2067 exposcat
971 2015 1144 2062 utilitas,
1188 2015 1339 2055 abbate
1381 2014 1657 2054 nihilominus
1699 2015 1831 2066 impe-

207 2085 340 2127 rante,
372 2080 426 2119 ad
457 2093 578 2119 suam
607 2085 853 2132 proponunt
885 2079 1155 2119 insolentiam
1187 2079 1490 2126 excusandam,
1524 2079 1638 2131 quod
1670 2078 1831 2130 capitu-

207 2145 294 2184 lum
334 2144 439 2184 illud
479 2157 554 2195 per
596 2145 709 2196 quod
750 2144 966 2195 praedicta
1008 2143 1225 2195 prohiberi
1265 2143 1473 2190 videntur,
1517 2144 1567 2182 de
1610 2142 1830 2183 monachis

207 2223 290 2248 non
325 2209 376 2249 de
411 2209 627 2249 canonicis
660 2208 932 2261 regularibus
966 2208 1152 2260 loquitur
1187 2208 1424 2247 manifeste.
1464 2207 1583 2248 Unde
1619 2207 1831 2247 consulta—

206 2273 307 2313 tioni
343 2279 439 2313 tuae
473 2273 611 2312 taliter
645 2273 956 2324 respondenus,
993 2272 1107 2323 quod
1142 2272 1253 2311 idem
1289 2272 1491 2312 iudicium
1524 2272 1577 2311 de
1613 2271 1829 2311 canonicis
1912 2277 1914 2305 l

208 2338 494 2390 regularibus,
526 2339 641 2390 quod
670 2344 711 2377 et
744 2339 794 2377 de
827 2337 1062 2384 monachis,
1097 2343 1301 2389 quantum
1334 2337 1386 2376 ad
1416 2336 1664 2388 supradicta
1699 2336 1832 2376 credi-

210 2415 304 2442 mus
345 2402 673 2449 observandum,
717 2402 811 2442 licet
855 2403 905 2442 de
947 2400 1167 2441 monachis
1208 2401 1249 2440 in
1291 2414 1451 2440 canone
1493 2400 1735 2452 specialiter
1776 2400 1831 2439 sit
1911 2414 1914 2476 Ι

207 2479 462 2518 expressum
485 2481 520 2504 ».

319 2530 516 2570 Clemens
543 2531 579 2570 V
608 2530 648 2568 in
678 2531 808 2570 Cone.
839 2529 1070 2571 Viennensi
1099 2531 1113 2551 ³
1145 2528 1384 2570 constituit:
1417 2545 1437 2569 «
1461 2528 1705 2581 Religiosus
1737 2541 1833 2580 pro-

210 2600 394 2642 curator,
425 2594 502 2634 etsi
532 2607 607 2646 per
638 2594 767 2634 alium
795 2594 1046 2646 religiosum
1074 2594 1139 2634 sui
1168 2594 1233 2633 vel
1261 2593 1436 2633 alterius
1465 2592 1711 2633 monasterii
1740 2593 1831 2632 fue-

209 2658 262 2699 rit
290 2658 556 2706 constitutus,
587 2658 694 2698 sicut
721 2672 804 2698 non
834 2664 972 2710 potest
1000 2658 1090 2698 51110
1119 2657 1185 2698 sui
1214 2657 1450 2710 superioris
1479 2657 1647 2697 licentia
1677 2670 1830 2708 procu-

207 2723 385 2763 rationis
420 2722 603 2762 osfieium
637 2723 871 2775 suscipere,
907 2722 989 2761 nisi
1023 2736 1102 2774 pro
1137 2735 1216 2762 suo
1251 2722 1291 2760 in
1326 2722 1475 2761 eadem
1508 2720 1578 2761 lite
1614 2725 1824 2768 consorte,

310 2812 317 2833 ¹
347 2813 392 2846 ⁴29
432 2812 519 2845 Iun.
562 2812 666 2846 1908.
696 2830 740 2836 —
767 2811 842 2846 CO.
872 2812 902 2855 Ι,
931 2812 990 2845 32.
1020 2831 1063 2836 -
1090 2812 1104 2833 ²
1131 2811 1226 2855 Cap.
1255 2812 1313 2845 2«
1335 2810 1385 2844 (10
1403 2809 1648 2854 postulando
1670 2823 1686 2838 »
1709 2809 1753 2853 (Ι,
1775 2809 1833 2853 37)

204 2860 251 2895 X.
278 2879 316 2885 -
348 2860 362 2881 ³
388 2859 481 2903 Cap.
502 2861 523 2893 3
552 2874 568 2890 «
590 2859 638 2893 de
678 2858 1004 2904 procuratoribus
1027 2874 1042 2888 »
1070 2858 1116 2904 (Ι,
1146 2860 1203 2902 10)
1232 2858 1274 2892 111
1302 2857 1445 2893 Clem.s
