<?xml version="1.0" encoding="UTF-8"?>
<!DOCTYPE html PUBLIC "-//W3C//DTD XHTML 1.0 Transitional//EN"
    "http://www.w3.org/TR/xhtml1/DTD/xhtml1-transitional.dtd">
<html xmlns="http://www.w3.org/1999/xhtml" xml:lang="en" lang="en">
 <head>
  <title>
</title>
<meta http-equiv="Content-Type" content="text/html;charset=utf-8" />
  <meta name='ocr-system' content='tesseract 3.04.00' />
  <meta name='ocr-capabilities' content='ocr_page ocr_carea ocr_par ocr_line ocrx_word'/>
</head>
<body>
  <div class='ocr_page' id='page_1' title='image "./commentariumtext04blatuoft_0054.png"; bbox 0 0 1914 3083; ppageno 0'>
   <div class='ocr_carea' id='block_1_1' title="bbox 213 64 1846 99">
    <p class='ocr_par' dir='ltr' id='par_1_1' title="bbox 213 64 1846 99">
     <span class='ocr_line' id='line_1_1' title="bbox 213 64 1846 99; baseline 0.001 -2"><span class='ocrx_word' id='word_1_1' title='bbox 213 64 259 97; x_wconf 84' lang='lat'>44</span> <span class='ocrx_word' id='word_1_2' title='bbox 664 65 754 98; x_wconf 75' lang='lat' dir='ltr'>Lm.</span> <span class='ocrx_word' id='word_1_3' title='bbox 784 65 851 99; x_wconf 91' lang='lat' dir='ltr'>IV.</span> <span class='ocrx_word' id='word_1_4' title='bbox 880 84 892 89; x_wconf 95' lang='lat'>-</span> <span class='ocrx_word' id='word_1_5' title='bbox 921 64 1029 98; x_wconf 76' lang='lat' dir='ltr'>PARS</span> <span class='ocrx_word' id='word_1_6' title='bbox 1056 65 1087 98; x_wconf 91' lang='lat' dir='ltr'>I.</span> <span class='ocrx_word' id='word_1_7' title='bbox 1116 84 1130 88; x_wconf 97' lang='lat'>-</span> <span class='ocrx_word' id='word_1_8' title='bbox 1156 64 1215 98; x_wconf 86' lang='lat' dir='ltr'>De</span> <span class='ocrx_word' id='word_1_9' title='bbox 1240 64 1397 99; x_wconf 60' lang='lat' dir='ltr'>iudiciis</span> <span class='ocrx_word' id='word_1_10' title='bbox 1628 64 1723 99; x_wconf 82' lang='lat' dir='ltr'>Can.</span> <span class='ocrx_word' id='word_1_11' title='bbox 1751 64 1846 99; x_wconf 61' lang='lat'>1574</span> 
     </span>
    </p>
   </div>
   <div class='ocr_carea' id='block_1_2' title="bbox 218 184 1864 2747">
    <p class='ocr_par' dir='ltr' id='par_1_2' title="bbox 218 184 1845 865">
     <span class='ocr_line' id='line_1_2' title="bbox 219 184 1836 236; baseline 0 -12"><span class='ocrx_word' id='word_1_12' title='bbox 219 199 308 224; x_wconf 84' lang='lat' dir='ltr'>runi</span> <span class='ocrx_word' id='word_1_13' title='bbox 350 185 472 224; x_wconf 67' lang='lat' dir='ltr'>Sedis</span> <span class='ocrx_word' id='word_1_14' title='bbox 510 185 782 236; x_wconf 70' lang='lat' dir='ltr'>Apostolicae</span> <span class='ocrx_word' id='word_1_15' title='bbox 820 185 883 223; x_wconf 75' lang='lat' dir='ltr'>vel</span> <span class='ocrx_word' id='word_1_16' title='bbox 923 185 1160 236; x_wconf 84' lang='lat' dir='ltr'>legatorum</span> <span class='ocrx_word' id='word_1_17' title='bbox 1196 184 1389 224; x_wconf 84' lang='lat' dir='ltr'>eiusdem</span> <span class='ocrx_word' id='word_1_18' title='bbox 1425 199 1475 224; x_wconf 85' lang='lat' dir='ltr'>ex</span> <span class='ocrx_word' id='word_1_19' title='bbox 1516 184 1583 224; x_wconf 89' lang='lat' dir='ltr'>cit.</span> <span class='ocrx_word' id='word_1_20' title='bbox 1624 185 1836 236; x_wconf 85' lang='lat' dir='ltr'>Decreto),</span> 
     </span>
     <span class='ocr_line' id='line_1_3' title="bbox 218 249 1837 301; baseline 0.001 -14"><span class='ocrx_word' id='word_1_21' title='bbox 218 263 350 300; x_wconf 81' lang='lat' dir='ltr'>usque</span> <span class='ocrx_word' id='word_1_22' title='bbox 387 249 494 288; x_wconf 87' lang='lat' dir='ltr'>adeo</span> <span class='ocrx_word' id='word_1_23' title='bbox 530 249 674 287; x_wconf 88' lang='lat' dir='ltr'>haberi</span> <span class='ocrx_word' id='word_1_24' title='bbox 712 263 794 287; x_wconf 88' lang='lat' dir='ltr'>non</span> <span class='ocrx_word' id='word_1_25' title='bbox 834 255 985 299; x_wconf 84' lang='lat' dir='ltr'>potest;</span> <span class='ocrx_word' id='word_1_26' title='bbox 1024 249 1205 301; x_wconf 82' lang='lat' dir='ltr'>hincque</span> <span class='ocrx_word' id='word_1_27' title='bbox 1241 249 1451 288; x_wconf 88' lang='lat' dir='ltr'>interdum</span> <span class='ocrx_word' id='word_1_28' title='bbox 1489 249 1716 296; x_wconf 80' lang='lat' dir='ltr'>iudicibus,</span> <span class='ocrx_word' id='word_1_29' title='bbox 1754 263 1837 289; x_wconf 91' lang='lat' dir='ltr'>non</span> 
     </span>
     <span class='ocr_line' id='line_1_4' title="bbox 221 311 1840 364; baseline 0.001 -14"><span class='ocrx_word' id='word_1_30' title='bbox 221 313 500 364; x_wconf 70' lang='lat' dir='ltr'>undequaque</span> <span class='ocrx_word' id='word_1_31' title='bbox 529 311 709 358; x_wconf 80' lang='lat' dir='ltr'>idoneis,</span> <span class='ocrx_word' id='word_1_32' title='bbox 739 325 893 351; x_wconf 87' lang='lat' dir='ltr'>causae</span> <span class='ocrx_word' id='word_1_33' title='bbox 922 312 961 350; x_wconf 94' lang='lat' dir='ltr'>in</span> <span class='ocrx_word' id='word_1_34' title='bbox 992 312 1185 363; x_wconf 86' lang='lat' dir='ltr'>partibus</span> <span class='ocrx_word' id='word_1_35' title='bbox 1212 312 1484 364; x_wconf 84' lang='lat' dir='ltr'>delegantur:</span> <span class='ocrx_word' id='word_1_36' title='bbox 1517 312 1659 352; x_wconf 76' lang='lat' dir='ltr'>statuit</span> <span class='ocrx_word' id='word_1_37' title='bbox 1690 313 1732 352; x_wconf 82' lang='lat' dir='ltr'>S.</span> <span class='ocrx_word' id='word_1_38' title='bbox 1766 313 1840 364; x_wconf 79' lang='lat' dir='ltr'>Sy-</span> 
     </span>
     <span class='ocr_line' id='line_1_5' title="bbox 224 375 1838 430; baseline 0.001 -16"><span class='ocrx_word' id='word_1_39' title='bbox 224 376 360 415; x_wconf 73' lang='lat' dir='ltr'>nodus</span> <span class='ocrx_word' id='word_1_40' title='bbox 406 375 691 426; x_wconf 68' lang='lat' dir='ltr'>(fridentina)</span> <span class='ocrx_word' id='word_1_41' title='bbox 740 377 768 419; x_wconf 74' lang='lat'>1,</span> <span class='ocrx_word' id='word_1_42' title='bbox 818 376 855 414; x_wconf 88' lang='lat' dir='ltr'>in</span> <span class='ocrx_word' id='word_1_43' title='bbox 905 376 1089 430; x_wconf 78' lang='lat' dir='ltr'>singulis</span> <span class='ocrx_word' id='word_1_44' title='bbox 1132 376 1338 416; x_wconf 89' lang='lat' dir='ltr'>Conciliis</span> <span class='ocrx_word' id='word_1_45' title='bbox 1384 375 1721 428; x_wconf 69' lang='lat' dir='ltr'>provincialibus</span> <span class='ocrx_word' id='word_1_46' title='bbox 1773 383 1838 416; x_wconf 67' lang='lat' dir='ltr'>iut</span> 
     </span>
     <span class='ocr_line' id='line_1_6' title="bbox 220 439 1838 492; baseline 0.001 -13"><span class='ocrx_word' id='word_1_47' title='bbox 220 440 485 479; x_wconf 58' lang='lat' dir='ltr'>dioecesanis</span> <span class='ocrx_word' id='word_1_48' title='bbox 511 439 672 491; x_wconf 84' lang='lat' dir='ltr'>aliquot</span> <span class='ocrx_word' id='word_1_49' title='bbox 700 454 922 491; x_wconf 66' lang='lat' dir='ltr'>personas,</span> <span class='ocrx_word' id='word_1_50' title='bbox 950 453 1058 492; x_wconf 84' lang='lat' dir='ltr'>quae</span> <span class='ocrx_word' id='word_1_51' title='bbox 1085 440 1311 492; x_wconf 85' lang='lat' dir='ltr'>qualitates</span> <span class='ocrx_word' id='word_1_52' title='bbox 1337 440 1534 487; x_wconf 77' lang='lat' dir='ltr'>habeant,</span> <span class='ocrx_word' id='word_1_53' title='bbox 1563 440 1678 480; x_wconf 86' lang='lat' dir='ltr'>iuxta</span> <span class='ocrx_word' id='word_1_54' title='bbox 1705 446 1838 480; x_wconf 88' lang='lat' dir='ltr'>const.</span> 
     </span>
     <span class='ocr_line' id='line_1_7' title="bbox 223 504 1842 556; baseline 0.001 -14"><span class='ocrx_word' id='word_1_55' title='bbox 223 504 426 543; x_wconf 77' lang='lat' dir='ltr'>ssonifacii</span> <span class='ocrx_word' id='word_1_56' title='bbox 466 505 582 551; x_wconf 66' lang='lat' dir='ltr'><strong>VIII,</strong></span> <span class='ocrx_word' id='word_1_57' title='bbox 623 518 731 556; x_wconf 80' lang='lat' dir='ltr'>quac</span> <span class='ocrx_word' id='word_1_58' title='bbox 770 505 915 555; x_wconf 77' lang='lat' dir='ltr'>incipit</span> <span class='ocrx_word' id='word_1_59' title='bbox 953 506 1159 544; x_wconf 64' lang='lat' dir='ltr'>Statilium</span> <span class='ocrx_word' id='word_1_60' title='bbox 1201 507 1393 556; x_wconf 77' lang='lat' dir='ltr'>(nempet</span> <span class='ocrx_word' id='word_1_61' title='bbox 1437 505 1682 556; x_wconf 88' lang='lat' dir='ltr'>«dignitate</span> <span class='ocrx_word' id='word_1_62' title='bbox 1722 519 1842 556; x_wconf 82' lang='lat' dir='ltr'>prae-</span> 
     </span>
     <span class='ocr_line' id='line_1_8' title="bbox 218 568 1842 619; baseline 0.002 -13"><span class='ocrx_word' id='word_1_63' title='bbox 218 569 341 608; x_wconf 76' lang='lat' dir='ltr'>ditas.</span> <span class='ocrx_word' id='word_1_64' title='bbox 369 574 435 607; x_wconf 81' lang='lat' dir='ltr'>aut</span> <span class='ocrx_word' id='word_1_65' title='bbox 461 574 736 619; x_wconf 88' lang='lat' dir='ltr'>personatum</span> <span class='ocrx_word' id='word_1_66' title='bbox 761 568 1012 614; x_wconf 69' lang='lat' dir='ltr'>obtinentes,</span> <span class='ocrx_word' id='word_1_67' title='bbox 1038 582 1112 608; x_wconf 89' lang='lat' dir='ltr'>seu</span> <span class='ocrx_word' id='word_1_68' title='bbox 1137 569 1413 608; x_wconf 82' lang='lat' dir='ltr'>ecclesiarum</span> <span class='ocrx_word' id='word_1_69' title='bbox 1438 569 1744 609; x_wconf 87' lang='lat' dir='ltr'>cathedralium</span> <span class='ocrx_word' id='word_1_70' title='bbox 1769 570 1842 609; x_wconf 91' lang='lat' dir='ltr'>ob-</span> 
     </span>
     <span class='ocr_line' id='line_1_9' title="bbox 221 633 1843 685; baseline 0.001 -14"><span class='ocrx_word' id='word_1_71' title='bbox 221 633 432 679; x_wconf 70' lang='lat' dir='ltr'>tinentes).</span> <span class='ocrx_word' id='word_1_72' title='bbox 463 639 501 672; x_wconf 89' lang='lat' dir='ltr'>et</span> <span class='ocrx_word' id='word_1_73' title='bbox 530 633 717 684; x_wconf 87' lang='lat' dir='ltr'>alioquin</span> <span class='ocrx_word' id='word_1_74' title='bbox 749 633 801 672; x_wconf 82' lang='lat' dir='ltr'>ad</span> <span class='ocrx_word' id='word_1_75' title='bbox 831 633 870 672; x_wconf 90' lang='lat' dir='ltr'>id</span> <span class='ocrx_word' id='word_1_76' title='bbox 902 639 1024 685; x_wconf 86' lang='lat' dir='ltr'>aptas</span> <span class='ocrx_word' id='word_1_77' title='bbox 1054 633 1285 685; x_wconf 80' lang='lat' dir='ltr'>designari,</span> <span class='ocrx_word' id='word_1_78' title='bbox 1319 639 1360 672; x_wconf 91' lang='lat' dir='ltr'>ut</span> <span class='ocrx_word' id='word_1_79' title='bbox 1391 639 1558 684; x_wconf 85' lang='lat' dir='ltr'>praeter</span> <span class='ocrx_word' id='word_1_80' title='bbox 1589 633 1843 674; x_wconf 88' lang='lat' dir='ltr'>Ordinarios</span> 
     </span>
     <span class='ocr_line' id='line_1_10' title="bbox 221 697 1843 749; baseline 0.002 -14"><span class='ocrx_word' id='word_1_81' title='bbox 221 697 427 739; x_wconf 64' lang='lat' dir='ltr'>loom-mn,</span> <span class='ocrx_word' id='word_1_82' title='bbox 458 697 509 735; x_wconf 80' lang='lat' dir='ltr'>iis</span> <span class='ocrx_word' id='word_1_83' title='bbox 537 697 662 736; x_wconf 82' lang='lat' dir='ltr'>etiam</span> <span class='ocrx_word' id='word_1_84' title='bbox 690 698 865 749; x_wconf 85' lang='lat' dir='ltr'>posthac</span> <span class='ocrx_word' id='word_1_85' title='bbox 895 711 1049 737; x_wconf 86' lang='lat' dir='ltr'>causae</span> <span class='ocrx_word' id='word_1_86' title='bbox 1077 697 1405 742; x_wconf 77' lang='lat' dir='ltr'>ecclesiasticae,</span> <span class='ocrx_word' id='word_1_87' title='bbox 1436 711 1482 737; x_wconf 89' lang='lat' dir='ltr'>ac</span> <span class='ocrx_word' id='word_1_88' title='bbox 1513 697 1773 749; x_wconf 64' lang='lat' dir='ltr'>spirituales</span> <span class='ocrx_word' id='word_1_89' title='bbox 1804 704 1843 738; x_wconf 90' lang='lat' dir='ltr'>et</span> 
     </span>
     <span class='ocr_line' id='line_1_11' title="bbox 222 762 1845 815; baseline 0.002 -16"><span class='ocrx_word' id='word_1_90' title='bbox 222 763 273 801; x_wconf 75' lang='lat' dir='ltr'>ad</span> <span class='ocrx_word' id='word_1_91' title='bbox 306 762 444 801; x_wconf 84' lang='lat' dir='ltr'>sorum</span> <span class='ocrx_word' id='word_1_92' title='bbox 476 762 809 801; x_wconf 63' lang='lat' dir='ltr'>ecclesiasticum</span> <span class='ocrx_word' id='word_1_93' title='bbox 841 762 1113 813; x_wconf 75' lang='lat' dir='ltr'>pertinentes⁷</span> <span class='ocrx_word' id='word_1_94' title='bbox 1146 763 1185 801; x_wconf 90' lang='lat' dir='ltr'>in</span> <span class='ocrx_word' id='word_1_95' title='bbox 1217 762 1410 814; x_wconf 88' lang='lat' dir='ltr'>partibus</span> <span class='ocrx_word' id='word_1_96' title='bbox 1440 762 1701 815; x_wconf 75' lang='lat' dir='ltr'>delegandae</span> <span class='ocrx_word' id='word_1_97' title='bbox 1733 777 1845 802; x_wconf 88' lang='lat' dir='ltr'>com-</span> 
     </span>
     <span class='ocr_line' id='line_1_12' title="bbox 221 827 496 865; baseline 0 -1"><span class='ocrx_word' id='word_1_98' title='bbox 221 827 437 865; x_wconf 83' lang='lat' dir='ltr'>mittantur</span> <span class='ocrx_word' id='word_1_99' title='bbox 461 841 496 865; x_wconf 87' lang='lat'>».</span> 
     </span>
    </p>

    <p class='ocr_par' dir='ltr' id='par_1_3' title="bbox 220 889 1847 1778">
     <span class='ocr_line' id='line_1_13' title="bbox 330 889 1846 942; baseline 0.001 -14"><span class='ocrx_word' id='word_1_100' title='bbox 330 890 486 929; x_wconf 69' lang='lat' dir='ltr'>bened.</span> <span class='ocrx_word' id='word_1_101' title='bbox 523 890 612 930; x_wconf 64' lang='lat' dir='ltr'>XIV</span> <span class='ocrx_word' id='word_1_102' title='bbox 646 890 685 928; x_wconf 88' lang='lat' dir='ltr'>in</span> <span class='ocrx_word' id='word_1_103' title='bbox 716 904 786 941; x_wconf 76' lang='lat' dir='ltr'>ep.</span> <span class='ocrx_word' id='word_1_104' title='bbox 822 890 980 942; x_wconf 72' lang='lat' dir='ltr'>encycl.</span> <span class='ocrx_word' id='word_1_105' title='bbox 1017 890 1265 939; x_wconf 79' lang='lat' dir='ltr'>«Quamvis</span> <span class='ocrx_word' id='word_1_106' title='bbox 1298 896 1542 941; x_wconf 82' lang='lat' dir='ltr'>paternae»</span> <span class='ocrx_word' id='word_1_107' title='bbox 1576 891 1606 931; x_wconf 75' lang='lat'>².</span> <span class='ocrx_word' id='word_1_108' title='bbox 1640 889 1656 933; x_wconf 73' lang='grc' dir='ltr'>ἓ</span> <span class='ocrx_word' id='word_1_109' title='bbox 1686 893 1724 937; x_wconf 71' lang='lat'>5,</span> <span class='ocrx_word' id='word_1_110' title='bbox 1759 891 1846 929; x_wconf 86' lang='lat' dir='ltr'>vult</span> 
     </span>
     <span class='ocr_line' id='line_1_14' title="bbox 223 954 1846 1006; baseline 0.003 -17"><span class='ocrx_word' id='word_1_111' title='bbox 223 960 257 992; x_wconf 65' lang='lat' dir='ltr'>et</span> <span class='ocrx_word' id='word_1_112' title='bbox 289 954 474 1001; x_wconf 66' lang='lat' dir='ltr'>inaudatg</span> <span class='ocrx_word' id='word_1_113' title='bbox 506 955 669 1005; x_wconf 87' lang='lat' dir='ltr'>quod...</span> <span class='ocrx_word' id='word_1_114' title='bbox 702 954 735 993; x_wconf 84' lang='lat' dir='ltr'>si</span> <span class='ocrx_word' id='word_1_115' title='bbox 766 954 873 994; x_wconf 83' lang='lat' dir='ltr'>forte</span> <span class='ocrx_word' id='word_1_116' title='bbox 904 968 1048 1001; x_wconf 71' lang='lat' dir='ltr'>unum‚</span> <span class='ocrx_word' id='word_1_117' title='bbox 1077 955 1143 994; x_wconf 72' lang='lat' dir='ltr'>vel</span> <span class='ocrx_word' id='word_1_118' title='bbox 1173 955 1318 1006; x_wconf 87' lang='lat' dir='ltr'>plures</span> <span class='ocrx_word' id='word_1_119' title='bbox 1348 955 1518 994; x_wconf 89' lang='lat' dir='ltr'>illorum</span> <span class='ocrx_word' id='word_1_120' title='bbox 1548 955 1654 994; x_wconf 81' lang='lat' dir='ltr'>niori</span> <span class='ocrx_word' id='word_1_121' title='bbox 1687 955 1846 995; x_wconf 89' lang='lat' dir='ltr'>contin-</span> 
     </span>
     <span class='ocr_line' id='line_1_15' title="bbox 222 1019 1847 1071; baseline 0.001 -14"><span class='ocrx_word' id='word_1_122' title='bbox 222 1025 306 1070; x_wconf 81' lang='lat' dir='ltr'>gat.</span> <span class='ocrx_word' id='word_1_123' title='bbox 345 1025 570 1070; x_wconf 71' lang='lat' dir='ltr'>antequam</span> <span class='ocrx_word' id='word_1_124' title='bbox 607 1019 745 1058; x_wconf 85' lang='lat' dir='ltr'>denuo</span> <span class='ocrx_word' id='word_1_125' title='bbox 782 1033 828 1058; x_wconf 82' lang='lat' dir='ltr'>ea</span> <span class='ocrx_word' id='word_1_126' title='bbox 868 1019 1058 1058; x_wconf 73' lang='lat' dir='ltr'>Concilia</span> <span class='ocrx_word' id='word_1_127' title='bbox 1099 1025 1320 1071; x_wconf 78' lang='lat' dir='ltr'>cogantur,</span> <span class='ocrx_word' id='word_1_128' title='bbox 1359 1020 1661 1059; x_wconf 76' lang='lat' dir='ltr'>decedentibus</span> <span class='ocrx_word' id='word_1_129' title='bbox 1698 1020 1847 1059; x_wconf 86' lang='lat' dir='ltr'>subro-</span> 
     </span>
     <span class='ocr_line' id='line_1_16' title="bbox 221 1083 1842 1135; baseline 0 -13"><span class='ocrx_word' id='word_1_130' title='bbox 221 1089 370 1133; x_wconf 81' lang='lat' dir='ltr'>gentur</span> <span class='ocrx_word' id='word_1_131' title='bbox 402 1084 496 1122; x_wconf 70' lang='lat' dir='ltr'>novi</span> <span class='ocrx_word' id='word_1_132' title='bbox 530 1083 705 1128; x_wconf 69' lang='lat' dir='ltr'>iudices,</span> <span class='ocrx_word' id='word_1_133' title='bbox 744 1084 927 1135; x_wconf 79' lang='lat' dir='ltr'>eligendi</span> <span class='ocrx_word' id='word_1_134' title='bbox 965 1084 1016 1123; x_wconf 87' lang='lat' dir='ltr'>ab</span> <span class='ocrx_word' id='word_1_135' title='bbox 1054 1083 1271 1135; x_wconf 76' lang='lat' dir='ltr'>Episcopo</span> <span class='ocrx_word' id='word_1_136' title='bbox 1308 1098 1402 1123; x_wconf 78' lang='lat' dir='ltr'>cun]</span> <span class='ocrx_word' id='word_1_137' title='bbox 1441 1084 1620 1123; x_wconf 89' lang='lat' dir='ltr'>consilio</span> <span class='ocrx_word' id='word_1_138' title='bbox 1657 1083 1842 1135; x_wconf 82' lang='lat' dir='ltr'>Capituli</span> 
     </span>
     <span class='ocr_line' id='line_1_17' title="bbox 221 1148 1842 1200; baseline 0.001 -15"><span class='ocrx_word' id='word_1_139' title='bbox 221 1148 292 1199; x_wconf 89' lang='lat' dir='ltr'>qui</span> <span class='ocrx_word' id='word_1_140' title='bbox 316 1148 486 1187; x_wconf 83' lang='lat' dir='ltr'>nomina</span> <span class='ocrx_word' id='word_1_141' title='bbox 512 1149 841 1200; x_wconf 72' lang='lat' dir='ltr'>subrogatorum</span> <span class='ocrx_word' id='word_1_142' title='bbox 870 1148 910 1187; x_wconf 91' lang='lat' dir='ltr'>in</span> <span class='ocrx_word' id='word_1_143' title='bbox 939 1148 1050 1187; x_wconf 87' lang='lat' dir='ltr'>dicto</span> <span class='ocrx_word' id='word_1_144' title='bbox 1078 1162 1266 1189; x_wconf 80' lang='lat' dir='ltr'>munere.</span> <span class='ocrx_word' id='word_1_145' title='bbox 1298 1162 1431 1200; x_wconf 89' lang='lat' dir='ltr'>usque</span> <span class='ocrx_word' id='word_1_146' title='bbox 1460 1149 1511 1188; x_wconf 92' lang='lat' dir='ltr'>ad</span> <span class='ocrx_word' id='word_1_147' title='bbox 1540 1148 1652 1188; x_wconf 79' lang='lat' dir='ltr'>diem</span> <span class='ocrx_word' id='word_1_148' title='bbox 1683 1148 1842 1200; x_wconf 78' lang='lat' dir='ltr'>Synodi</span> 
     </span>
     <span class='ocr_line' id='line_1_18' title="bbox 221 1212 1844 1263; baseline 0.002 -14"><span class='ocrx_word' id='word_1_149' title='bbox 221 1213 440 1255; x_wconf 81' lang='lat' dir='ltr'>duraturo.</span> <span class='ocrx_word' id='word_1_150' title='bbox 474 1212 578 1263; x_wconf 84' lang='lat' dir='ltr'>(Ipsi</span> <span class='ocrx_word' id='word_1_151' title='bbox 615 1213 713 1251; x_wconf 80' lang='lat' dir='ltr'>Ben.</span> <span class='ocrx_word' id='word_1_152' title='bbox 746 1212 855 1262; x_wconf 72' lang='lat' dir='ltr'>xlv)</span> <span class='ocrx_word' id='word_1_153' title='bbox 886 1212 1189 1263; x_wconf 83' lang='lat' dir='ltr'>significarent.</span> <span class='ocrx_word' id='word_1_154' title='bbox 1225 1213 1305 1252; x_wconf 77' lang='lat' dir='ltr'>Ubi</span> <span class='ocrx_word' id='word_1_155' title='bbox 1337 1226 1436 1252; x_wconf 76' lang='lat' dir='ltr'>vero</span> <span class='ocrx_word' id='word_1_156' title='bbox 1467 1213 1708 1253; x_wconf 87' lang='lat' dir='ltr'>Concilia...</span> <span class='ocrx_word' id='word_1_157' title='bbox 1743 1213 1844 1252; x_wconf 86' lang='lat' dir='ltr'>iarn-</span> 
     </span>
     <span class='ocr_line' id='line_1_19' title="bbox 221 1277 1845 1329; baseline 0.001 -14"><span class='ocrx_word' id='word_1_158' title='bbox 221 1277 290 1315; x_wconf 89' lang='lat' dir='ltr'>diu</span> <span class='ocrx_word' id='word_1_159' title='bbox 328 1282 471 1315; x_wconf 82' lang='lat' dir='ltr'>coacta</span> <span class='ocrx_word' id='word_1_160' title='bbox 509 1290 592 1315; x_wconf 82' lang='lat' dir='ltr'>non</span> <span class='ocrx_word' id='word_1_161' title='bbox 630 1283 740 1323; x_wconf 76' lang='lat' dir='ltr'>sunt,</span> <span class='ocrx_word' id='word_1_162' title='bbox 779 1290 853 1315; x_wconf 88' lang='lat' dir='ltr'>nec</span> <span class='ocrx_word' id='word_1_163' title='bbox 890 1277 974 1316; x_wconf 89' lang='lat' dir='ltr'>ulla</span> <span class='ocrx_word' id='word_1_164' title='bbox 1014 1277 1172 1317; x_wconf 88' lang='lat' dir='ltr'>idcirco</span> <span class='ocrx_word' id='word_1_165' title='bbox 1207 1277 1316 1316; x_wconf 86' lang='lat' dir='ltr'>sacta</span> <span class='ocrx_word' id='word_1_166' title='bbox 1355 1277 1619 1329; x_wconf 79' lang='lat' dir='ltr'>dignoscitur</span> <span class='ocrx_word' id='word_1_167' title='bbox 1658 1277 1845 1317; x_wconf 80' lang='lat' dir='ltr'>iudicum</span> 
     </span>
     <span class='ocr_line' id='line_1_20' title="bbox 222 1339 1846 1391; baseline 0.001 -14"><span class='ocrx_word' id='word_1_168' title='bbox 222 1339 393 1379; x_wconf 74' lang='lat' dir='ltr'>electio:</span> <span class='ocrx_word' id='word_1_169' title='bbox 526 1339 742 1379; x_wconf 88' lang='lat' dir='ltr'>iuterim...</span> <span class='ocrx_word' id='word_1_170' title='bbox 778 1354 872 1379; x_wconf 88' lang='lat' dir='ltr'>cum</span> <span class='ocrx_word' id='word_1_171' title='bbox 904 1353 1115 1379; x_wconf 83' lang='lat' dir='ltr'>consensu</span> <span class='ocrx_word' id='word_1_172' title='bbox 1148 1353 1322 1379; x_wconf 88' lang='lat' dir='ltr'>suorum</span> <span class='ocrx_word' id='word_1_173' title='bbox 1355 1340 1652 1391; x_wconf 83' lang='lat' dir='ltr'>Capitulorum</span> <span class='ocrx_word' id='word_1_174' title='bbox 1683 1340 1846 1380; x_wconf 75' lang='lat' dir='ltr'>iudIces</span> 
     </span>
     <span class='ocr_line' id='line_1_21' title="bbox 222 1403 1846 1456; baseline 0.001 -14"><span class='ocrx_word' id='word_1_175' title='bbox 222 1404 445 1455; x_wconf 79' lang='lat' dir='ltr'>eligant‚...</span> <span class='ocrx_word' id='word_1_176' title='bbox 475 1410 513 1443; x_wconf 83' lang='lat' dir='ltr'>et</span> <span class='ocrx_word' id='word_1_177' title='bbox 539 1403 573 1443; x_wconf 92' lang='lat' dir='ltr'>si</span> <span class='ocrx_word' id='word_1_178' title='bbox 604 1404 710 1443; x_wconf 89' lang='lat' dir='ltr'>mori</span> <span class='ocrx_word' id='word_1_179' title='bbox 743 1404 928 1456; x_wconf 87' lang='lat' dir='ltr'>aliquem</span> <span class='ocrx_word' id='word_1_180' title='bbox 960 1404 1190 1456; x_wconf 76' lang='lat' dir='ltr'>contingat,</span> <span class='ocrx_word' id='word_1_181' title='bbox 1223 1404 1331 1443; x_wconf 91' lang='lat' dir='ltr'>alios</span> <span class='ocrx_word' id='word_1_182' title='bbox 1364 1418 1457 1443; x_wconf 90' lang='lat' dir='ltr'>cum</span> <span class='ocrx_word' id='word_1_183' title='bbox 1491 1404 1676 1456; x_wconf 82' lang='lat' dir='ltr'>Capituli</span> <span class='ocrx_word' id='word_1_184' title='bbox 1708 1405 1846 1444; x_wconf 88' lang='lat' dir='ltr'>consi-</span> 
     </span>
     <span class='ocr_line' id='line_1_22' title="bbox 226 1467 1845 1520; baseline 0.002 -14"><span class='ocrx_word' id='word_1_185' title='bbox 226 1469 279 1507; x_wconf 86' lang='lat' dir='ltr'>tio</span> <span class='ocrx_word' id='word_1_186' title='bbox 313 1468 535 1510; x_wconf 71' lang='lat' dir='ltr'>sufficiant.</span> <span class='ocrx_word' id='word_1_187' title='bbox 573 1470 858 1520; x_wconf 79' lang='lat' dir='ltr'>sust‘ectosque</span> <span class='ocrx_word' id='word_1_188' title='bbox 894 1469 1028 1508; x_wconf 75' lang='lat' dir='ltr'>Nobis</span> <span class='ocrx_word' id='word_1_189' title='bbox 1062 1467 1236 1508; x_wconf 88' lang='lat' dir='ltr'>indilate</span> <span class='ocrx_word' id='word_1_190' title='bbox 1271 1469 1538 1509; x_wconf 84' lang='lat' dir='ltr'>denuncient.</span> <span class='ocrx_word' id='word_1_191' title='bbox 1577 1470 1671 1518; x_wconf 78' lang='lat' dir='ltr'>Quo</span> <span class='ocrx_word' id='word_1_192' title='bbox 1706 1476 1845 1509; x_wconf 82' lang='lat' dir='ltr'>autem</span> 
     </span>
     <span class='ocr_line' id='line_1_23' title="bbox 223 1533 1845 1585; baseline 0.001 -14"><span class='ocrx_word' id='word_1_193' title='bbox 223 1533 273 1571; x_wconf 80' lang='lat' dir='ltr'>ad</span> <span class='ocrx_word' id='word_1_194' title='bbox 310 1546 531 1571; x_wconf 79' lang='lat' dir='ltr'>numerum</span> <span class='ocrx_word' id='word_1_195' title='bbox 567 1533 876 1584; x_wconf 73' lang='lat' dir='ltr'>eligendorum.</span> <span class='ocrx_word' id='word_1_196' title='bbox 913 1533 989 1572; x_wconf 87' lang='lat' dir='ltr'>etsi</span> <span class='ocrx_word' id='word_1_197' title='bbox 1027 1533 1164 1573; x_wconf 86' lang='lat' dir='ltr'>Trid.⁰</span> <span class='ocrx_word' id='word_1_198' title='bbox 1200 1533 1321 1572; x_wconf 89' lang='lat' dir='ltr'>Dec.⁰</span> <span class='ocrx_word' id='word_1_199' title='bbox 1356 1539 1524 1573; x_wconf 88' lang='lat' dir='ltr'>cautum</span> <span class='ocrx_word' id='word_1_200' title='bbox 1560 1533 1626 1580; x_wconf 74' lang='lat' dir='ltr'>sit,</span> <span class='ocrx_word' id='word_1_201' title='bbox 1664 1539 1845 1585; x_wconf 85' lang='lat' dir='ltr'>quatuor</span> 
     </span>
     <span class='ocr_line' id='line_1_24' title="bbox 224 1597 1847 1650; baseline 0.001 -14"><span class='ocrx_word' id='word_1_202' title='bbox 224 1597 372 1636; x_wconf 82' lang='lat' dir='ltr'>saltem</span> <span class='ocrx_word' id='word_1_203' title='bbox 413 1597 450 1635; x_wconf 86' lang='lat' dir='ltr'>in</span> <span class='ocrx_word' id='word_1_204' title='bbox 492 1611 746 1648; x_wconf 87' lang='lat' dir='ltr'>unaquaque</span> <span class='ocrx_word' id='word_1_205' title='bbox 787 1597 981 1637; x_wconf 77' lang='lat' dir='ltr'>Dioccesi</span> <span class='ocrx_word' id='word_1_206' title='bbox 1021 1597 1120 1649; x_wconf 82' lang='lat' dir='ltr'>eligi</span> <span class='ocrx_word' id='word_1_207' title='bbox 1158 1598 1328 1645; x_wconf 83' lang='lat' dir='ltr'>debere⁷</span> <span class='ocrx_word' id='word_1_208' title='bbox 1369 1598 1530 1650; x_wconf 84' lang='lat' dir='ltr'>plures,</span> <span class='ocrx_word' id='word_1_209' title='bbox 1571 1598 1847 1637; x_wconf 88' lang='lat' dir='ltr'>nihilominus</span> 
     </span>
     <span class='ocr_line' id='line_1_25' title="bbox 220 1662 1846 1714; baseline 0.001 -14"><span class='ocrx_word' id='word_1_210' title='bbox 220 1662 321 1713; x_wconf 83' lang='lat' dir='ltr'>eligi</span> <span class='ocrx_word' id='word_1_211' title='bbox 348 1662 559 1705; x_wconf 78' lang='lat' dir='ltr'>volumus.</span> <span class='ocrx_word' id='word_1_212' title='bbox 589 1662 622 1701; x_wconf 91' lang='lat' dir='ltr'>si</span> <span class='ocrx_word' id='word_1_213' title='bbox 652 1662 871 1702; x_wconf 78' lang='lat' dir='ltr'>Dioecesis</span> <span class='ocrx_word' id='word_1_214' title='bbox 898 1662 1149 1713; x_wconf 81' lang='lat' dir='ltr'>amplitudo,</span> <span class='ocrx_word' id='word_1_215' title='bbox 1180 1662 1373 1714; x_wconf 87' lang='lat' dir='ltr'>aliaeque</span> <span class='ocrx_word' id='word_1_216' title='bbox 1402 1662 1641 1714; x_wconf 82' lang='lat' dir='ltr'>peculiares</span> <span class='ocrx_word' id='word_1_217' title='bbox 1669 1664 1846 1702; x_wconf 87' lang='lat' dir='ltr'>circum-</span> 
     </span>
     <span class='ocr_line' id='line_1_26' title="bbox 224 1726 1218 1778; baseline 0.001 -13"><span class='ocrx_word' id='word_1_218' title='bbox 224 1726 400 1765; x_wconf 68' lang='lat' dir='ltr'>stantiae</span> <span class='ocrx_word' id='word_1_219' title='bbox 434 1726 473 1765; x_wconf 89' lang='lat' dir='ltr'>id</span> <span class='ocrx_word' id='word_1_220' title='bbox 508 1727 640 1778; x_wconf 84' lang='lat' dir='ltr'>probe</span> <span class='ocrx_word' id='word_1_221' title='bbox 670 1740 905 1778; x_wconf 85' lang='lat' dir='ltr'>exposcere</span> <span class='ocrx_word' id='word_1_222' title='bbox 938 1727 1218 1767; x_wconf 79' lang='lat' dir='ltr'>videantur».</span> 
     </span>
    </p>

    <p class='ocr_par' dir='ltr' id='par_1_4' title="bbox 222 1791 1864 2747">
     <span class='ocr_line' id='line_1_27' title="bbox 330 1791 1845 1843; baseline 0.002 -14"><span class='ocrx_word' id='word_1_223' title='bbox 330 1791 651 1831; x_wconf 78' lang='lat' dir='ltr'>I’raedictorum</span> <span class='ocrx_word' id='word_1_224' title='bbox 691 1791 876 1831; x_wconf 85' lang='lat' dir='ltr'>iudicum</span> <span class='ocrx_word' id='word_1_225' title='bbox 918 1792 957 1830; x_wconf 91' lang='lat' dir='ltr'>in</span> <span class='ocrx_word' id='word_1_226' title='bbox 1001 1792 1086 1831; x_wconf 88' lang='lat' dir='ltr'>illis</span> <span class='ocrx_word' id='word_1_227' title='bbox 1127 1792 1233 1832; x_wconf 87' lang='lat' dir='ltr'>iuris</span> <span class='ocrx_word' id='word_1_228' title='bbox 1273 1792 1457 1832; x_wconf 84' lang='lat' dir='ltr'>textibus</span> <span class='ocrx_word' id='word_1_229' title='bbox 1498 1793 1739 1843; x_wconf 79' lang='lat' dir='ltr'>expositum</span> <span class='ocrx_word' id='word_1_230' title='bbox 1780 1793 1845 1832; x_wconf 75' lang='lat' dir='ltr'>vel</span> 
     </span>
     <span class='ocr_line' id='line_1_28' title="bbox 224 1856 1844 1909; baseline 0.002 -16"><span class='ocrx_word' id='word_1_231' title='bbox 224 1856 599 1907; x_wconf 80' lang='lat' dir='ltr'>praesupposituni</span> <span class='ocrx_word' id='word_1_232' title='bbox 637 1870 790 1896; x_wconf 83' lang='lat' dir='ltr'>munus</span> <span class='ocrx_word' id='word_1_233' title='bbox 825 1857 887 1895; x_wconf 81' lang='lat' dir='ltr'>eis</span> <span class='ocrx_word' id='word_1_234' title='bbox 923 1857 1087 1896; x_wconf 76' lang='lat' dir='ltr'>salvum</span> <span class='ocrx_word' id='word_1_235' title='bbox 1124 1863 1277 1896; x_wconf 81' lang='lat' dir='ltr'>manet.</span> <span class='ocrx_word' id='word_1_236' title='bbox 1321 1858 1401 1897; x_wconf 76' lang='lat' dir='ltr'>Sed</span> <span class='ocrx_word' id='word_1_237' title='bbox 1440 1857 1726 1897; x_wconf 88' lang='lat' dir='ltr'>adiudicatum</span> <span class='ocrx_word' id='word_1_238' title='bbox 1763 1872 1844 1909; x_wconf 89' lang='lat' dir='ltr'>qua</span> 
     </span>
     <span class='ocr_line' id='line_1_29' title="bbox 224 1921 1847 1974; baseline -0.001 -12"><span class='ocrx_word' id='word_1_239' title='bbox 224 1921 459 1972; x_wconf 83' lang='lat' dir='ltr'>principale</span> <span class='ocrx_word' id='word_1_240' title='bbox 490 1922 603 1961; x_wconf 88' lang='lat' dir='ltr'>aliud</span> <span class='ocrx_word' id='word_1_241' title='bbox 640 1921 718 1961; x_wconf 82' lang='lat' dir='ltr'>suit</span> <span class='ocrx_word' id='word_1_242' title='bbox 752 1938 771 1959; x_wconf 95' lang='lat'>«</span> <span class='ocrx_word' id='word_1_243' title='bbox 795 1922 834 1960; x_wconf 87' lang='lat' dir='ltr'>in</span> <span class='ocrx_word' id='word_1_244' title='bbox 871 1921 1188 1961; x_wconf 82' lang='lat' dir='ltr'>dioecesibus...</span> <span class='ocrx_word' id='word_1_245' title='bbox 1227 1923 1266 1960; x_wconf 91' lang='lat' dir='ltr'>in</span> <span class='ocrx_word' id='word_1_246' title='bbox 1303 1922 1458 1974; x_wconf 87' lang='lat' dir='ltr'>quibus</span> <span class='ocrx_word' id='word_1_247' title='bbox 1494 1922 1647 1961; x_wconf 65' lang='lat' dir='ltr'>Furiae</span> <span class='ocrx_word' id='word_1_248' title='bbox 1683 1922 1847 1967; x_wconf 77' lang='lat' dir='ltr'>episco-</span> 
     </span>
     <span class='ocr_line' id='line_1_30' title="bbox 224 1986 1844 2038; baseline 0 -13"><span class='ocrx_word' id='word_1_249' title='bbox 224 1987 344 2037; x_wconf 84' lang='lat' dir='ltr'>palcs</span> <span class='ocrx_word' id='word_1_250' title='bbox 377 1987 562 2025; x_wconf 75' lang='lat' dir='ltr'>nonduin</span> <span class='ocrx_word' id='word_1_251' title='bbox 598 1992 773 2037; x_wconf 77' lang='lat' dir='ltr'>possunt</span> <span class='ocrx_word' id='word_1_252' title='bbox 811 1987 1014 2026; x_wconf 81' lang='lat' dir='ltr'>institui»</span> <span class='ocrx_word' id='word_1_253' title='bbox 1051 1986 1297 2026; x_wconf 88' lang='lat' dir='ltr'>secundum.</span> <span class='ocrx_word' id='word_1_254' title='bbox 1338 1987 1379 2026; x_wconf 80' lang='lat' dir='ltr'>S..</span> <span class='ocrx_word' id='word_1_255' title='bbox 1417 1987 1596 2038; x_wconf 81' lang='lat' dir='ltr'>Congr.S</span> <span class='ocrx_word' id='word_1_256' title='bbox 1628 1987 1678 2026; x_wconf 88' lang='lat' dir='ltr'>de</span> <span class='ocrx_word' id='word_1_257' title='bbox 1713 1986 1844 2037; x_wconf 86' lang='lat' dir='ltr'>Prop.</span> 
     </span>
     <span class='ocr_line' id='line_1_31' title="bbox 226 2050 1847 2103; baseline 0.001 -14"><span class='ocrx_word' id='word_1_258' title='bbox 226 2051 325 2089; x_wconf 77' lang='lat' dir='ltr'>Fide</span> <span class='ocrx_word' id='word_1_259' title='bbox 360 2052 554 2090; x_wconf 83' lang='lat' dir='ltr'>Instruct.</span> <span class='ocrx_word' id='word_1_260' title='bbox 589 2065 702 2089; x_wconf 77' lang='lat' dir='ltr'>anno</span> <span class='ocrx_word' id='word_1_261' title='bbox 743 2053 837 2090; x_wconf 63' lang='lat'>1883</span> <span class='ocrx_word' id='word_1_262' title='bbox 871 2054 901 2090; x_wconf 77' lang='lat'>³.</span> <span class='ocrx_word' id='word_1_263' title='bbox 938 2068 957 2089; x_wconf 87' lang='lat'>«</span> <span class='ocrx_word' id='word_1_264' title='bbox 981 2051 1210 2091; x_wconf 82' lang='lat' dir='ltr'>Videlicet:</span> <span class='ocrx_word' id='word_1_265' title='bbox 1250 2051 1406 2103; x_wconf 86' lang='lat' dir='ltr'>singuli</span> <span class='ocrx_word' id='word_1_266' title='bbox 1441 2050 1660 2091; x_wconf 81' lang='lat' dir='ltr'>Antistites</span> <span class='ocrx_word' id='word_1_267' title='bbox 1694 2051 1735 2090; x_wconf 91' lang='lat' dir='ltr'>in</span> <span class='ocrx_word' id='word_1_268' title='bbox 1773 2053 1847 2103; x_wconf 64' lang='lat' dir='ltr'>Sy-</span> 
     </span>
     <span class='ocr_line' id='line_1_32' title="bbox 224 2115 1844 2167; baseline 0.001 -14"><span class='ocrx_word' id='word_1_269' title='bbox 224 2116 335 2154; x_wconf 79' lang='lat' dir='ltr'>nodo</span> <span class='ocrx_word' id='word_1_270' title='bbox 375 2116 642 2156; x_wconf 65' lang='lat' dir='ltr'>dioecesana.</span> <span class='ocrx_word' id='word_1_271' title='bbox 685 2116 828 2155; x_wconf 83' lang='lat' dir='ltr'>audito</span> <span class='ocrx_word' id='word_1_272' title='bbox 866 2116 1118 2155; x_wconf 84' lang='lat' dir='ltr'>clericorum</span> <span class='ocrx_word' id='word_1_273' title='bbox 1158 2115 1352 2163; x_wconf 73' lang='lat' dir='ltr'>consiIiO,</span> <span class='ocrx_word' id='word_1_274' title='bbox 1394 2116 1507 2167; x_wconf 91' lang='lat' dir='ltr'>quod</span> <span class='ocrx_word' id='word_1_275' title='bbox 1547 2122 1685 2155; x_wconf 85' lang='lat' dir='ltr'>tamen</span> <span class='ocrx_word' id='word_1_276' title='bbox 1726 2116 1844 2167; x_wconf 88' lang='lat' dir='ltr'>sequi</span> 
     </span>
     <span class='ocr_line' id='line_1_33' title="bbox 226 2180 1843 2232; baseline 0.001 -14"><span class='ocrx_word' id='word_1_277' title='bbox 226 2195 307 2218; x_wconf 74' lang='lat' dir='ltr'>uun</span> <span class='ocrx_word' id='word_1_278' title='bbox 336 2187 542 2225; x_wconf 68' lang='lat' dir='ltr'>tcucutur.r</span> <span class='ocrx_word' id='word_1_279' title='bbox 572 2181 774 2232; x_wconf 79' lang='lat' dir='ltr'>quinque.</span> <span class='ocrx_word' id='word_1_280' title='bbox 804 2181 867 2220; x_wconf 66' lang='lat' dir='ltr'>vel</span> <span class='ocrx_word' id='word_1_281' title='bbox 897 2181 965 2219; x_wconf 93' lang='lat' dir='ltr'>ubi</span> <span class='ocrx_word' id='word_1_282' title='bbox 995 2181 1190 2220; x_wconf 87' lang='lat' dir='ltr'>adiuncta</span> <span class='ocrx_word' id='word_1_283' title='bbox 1219 2194 1361 2220; x_wconf 84' lang='lat' dir='ltr'>rerum</span> <span class='ocrx_word' id='word_1_284' title='bbox 1388 2180 1428 2219; x_wconf 88' lang='lat' dir='ltr'>id</span> <span class='ocrx_word' id='word_1_285' title='bbox 1459 2180 1549 2219; x_wconf 80' lang='lat' dir='ltr'>ficri</span> <span class='ocrx_word' id='word_1_286' title='bbox 1577 2194 1660 2219; x_wconf 91' lang='lat' dir='ltr'>nou</span> <span class='ocrx_word' id='word_1_287' title='bbox 1690 2180 1843 2227; x_wconf 81' lang='lat' dir='ltr'>sinant,</span> 
     </span>
     <span class='ocr_line' id='line_1_34' title="bbox 225 2245 1842 2296; baseline 0.002 -14"><span class='ocrx_word' id='word_1_288' title='bbox 225 2252 308 2283; x_wconf 48' lang='lat' dir='ltr'>uos&gt;</span> <span class='ocrx_word' id='word_1_289' title='bbox 336 2245 483 2284; x_wconf 68' lang='lat' dir='ltr'>salleni</span> <span class='ocrx_word' id='word_1_290' title='bbox 513 2246 786 2296; x_wconf 66' lang='lat' dir='ltr'>presbyteros</span> <span class='ocrx_word' id='word_1_291' title='bbox 811 2259 864 2284; x_wconf 80' lang='lat' dir='ltr'>ex</span> <span class='ocrx_word' id='word_1_292' title='bbox 894 2245 1209 2296; x_wconf 78' lang='lat' dir='ltr'>probatissimis</span> <span class='ocrx_word' id='word_1_293' title='bbox 1235 2251 1290 2289; x_wconf 80' lang='lat' dir='ltr'>et.</span> <span class='ocrx_word' id='word_1_294' title='bbox 1320 2251 1524 2296; x_wconf 89' lang='lat' dir='ltr'>quantum</span> <span class='ocrx_word' id='word_1_295' title='bbox 1553 2245 1643 2284; x_wconf 84' lang='lat' dir='ltr'>fieri</span> <span class='ocrx_word' id='word_1_296' title='bbox 1674 2245 1842 2296; x_wconf 85' lang='lat' dir='ltr'>poterit,</span> 
     </span>
     <span class='ocr_line' id='line_1_35' title="bbox 225 2309 1842 2362; baseline 0.001 -15"><span class='ocrx_word' id='word_1_297' title='bbox 225 2311 261 2347; x_wconf 85' lang='lat' dir='ltr'>iu</span> <span class='ocrx_word' id='word_1_298' title='bbox 288 2310 374 2348; x_wconf 82' lang='lat' dir='ltr'>iurc</span> <span class='ocrx_word' id='word_1_299' title='bbox 397 2310 601 2349; x_wconf 70' lang='lat' dir='ltr'>canonico</span> <span class='ocrx_word' id='word_1_300' title='bbox 628 2309 776 2362; x_wconf 85' lang='lat' dir='ltr'>peritis</span> <span class='ocrx_word' id='word_1_301' title='bbox 802 2310 983 2361; x_wconf 84' lang='lat' dir='ltr'>seligant</span> <span class='ocrx_word' id='word_1_302' title='bbox 1009 2310 1060 2349; x_wconf 87' lang='lat' dir='ltr'>ad</span> <span class='ocrx_word' id='word_1_303' title='bbox 1088 2309 1329 2349; x_wconf 86' lang='lat' dir='ltr'>huiusmodi</span> <span class='ocrx_word' id='word_1_304' title='bbox 1359 2309 1609 2359; x_wconf 81' lang='lat' dir='ltr'>(iudicandi)</span> <span class='ocrx_word' id='word_1_305' title='bbox 1637 2310 1842 2358; x_wconf 79' lang='lat' dir='ltr'>officium,</span> 
     </span>
     <span class='ocr_line' id='line_1_36' title="bbox 227 2374 1844 2425; baseline 0.001 -14"><span class='ocrx_word' id='word_1_306' title='bbox 227 2381 263 2413; x_wconf 88' lang='lat' dir='ltr'>ut</span> <span class='ocrx_word' id='word_1_307' title='bbox 300 2375 337 2412; x_wconf 80' lang='lat' dir='ltr'>iu</span> <span class='ocrx_word' id='word_1_308' title='bbox 374 2375 587 2425; x_wconf 65' lang='lat' dir='ltr'>praedicta</span> <span class='ocrx_word' id='word_1_309' title='bbox 626 2375 899 2414; x_wconf 79' lang='lat' dir='ltr'>instructione</span> <span class='ocrx_word' id='word_1_310' title='bbox 935 2374 1032 2423; x_wconf 84' lang='lat' dir='ltr'>(dici</span> <span class='ocrx_word' id='word_1_311' title='bbox 1068 2376 1118 2414; x_wconf 69' lang='lat'>20</span> <span class='ocrx_word' id='word_1_312' title='bbox 1150 2374 1249 2414; x_wconf 89' lang='lat' dir='ltr'>Julii</span> <span class='ocrx_word' id='word_1_313' title='bbox 1285 2388 1396 2413; x_wconf 89' lang='lat' dir='ltr'>anno</span> <span class='ocrx_word' id='word_1_314' title='bbox 1431 2376 1549 2425; x_wconf 78' lang='lat'>1878)</span> <span class='ocrx_word' id='word_1_315' title='bbox 1584 2375 1844 2414; x_wconf 85' lang='lat' dir='ltr'>declaratum</span> 
     </span>
     <span class='ocr_line' id='line_1_37' title="bbox 222 2438 1842 2491; baseline 0.001 -15"><span class='ocrx_word' id='word_1_316' title='bbox 222 2445 348 2481; x_wconf 65' lang='lat' dir='ltr'>extat,</span> <span class='ocrx_word' id='word_1_317' title='bbox 382 2440 678 2477; x_wconf 29' lang='lat' dir='ltr'>‹¹x‹r·1·c‹=uduni.</span> <span class='ocrx_word' id='word_1_318' title='bbox 714 2440 836 2487; x_wconf 70' lang='lat' dir='ltr'>Quod</span> <span class='ocrx_word' id='word_1_319' title='bbox 871 2439 903 2478; x_wconf 84' lang='lat' dir='ltr'>si</span> <span class='ocrx_word' id='word_1_320' title='bbox 939 2440 990 2477; x_wconf 70' lang='lat' dir='ltr'>ol)</span> <span class='ocrx_word' id='word_1_321' title='bbox 1024 2438 1209 2490; x_wconf 80' lang='lat' dir='ltr'>aliquan]</span> <span class='ocrx_word' id='word_1_322' title='bbox 1244 2452 1415 2490; x_wconf 63' lang='lat' dir='ltr'>grsutem</span> <span class='ocrx_word' id='word_1_323' title='bbox 1449 2452 1621 2478; x_wconf 87' lang='lat' dir='ltr'>causam</span> <span class='ocrx_word' id='word_1_324' title='bbox 1655 2439 1842 2491; x_wconf 70' lang='lat' dir='ltr'>synodus</span> 
     </span>
     <span class='ocr_line' id='line_1_38' title="bbox 223 2503 1843 2555; baseline 0.001 -14"><span class='ocrx_word' id='word_1_325' title='bbox 223 2504 366 2541; x_wconf 78' lang='lat' dir='ltr'>haberi</span> <span class='ocrx_word' id='word_1_326' title='bbox 405 2510 596 2554; x_wconf 63' lang='lat' dir='ltr'>nequeat,</span> <span class='ocrx_word' id='word_1_327' title='bbox 633 2503 819 2554; x_wconf 87' lang='lat' dir='ltr'>quinque</span> <span class='ocrx_word' id='word_1_328' title='bbox 853 2503 917 2542; x_wconf 80' lang='lat' dir='ltr'>vel</span> <span class='ocrx_word' id='word_1_329' title='bbox 949 2509 1050 2545; x_wconf 81' lang='lat' dir='ltr'>tres,</span> <span class='ocrx_word' id='word_1_330' title='bbox 1088 2509 1130 2542; x_wconf 86' lang='lat' dir='ltr'>ut</span> <span class='ocrx_word' id='word_1_331' title='bbox 1164 2516 1308 2553; x_wconf 82' lang='lat' dir='ltr'>supra,</span> <span class='ocrx_word' id='word_1_332' title='bbox 1345 2503 1621 2543; x_wconf 85' lang='lat' dir='ltr'>ecclesiastici</span> <span class='ocrx_word' id='word_1_333' title='bbox 1655 2503 1733 2542; x_wconf 75' lang='lat' dir='ltr'>viri</span> <span class='ocrx_word' id='word_1_334' title='bbox 1768 2517 1843 2555; x_wconf 83' lang='lat' dir='ltr'>per</span> 
     </span>
     <span class='ocr_line' id='line_1_39' title="bbox 228 2567 1844 2618; baseline 0.001 -13"><span class='ocrx_word' id='word_1_335' title='bbox 228 2567 485 2617; x_wconf 68' lang='lat' dir='ltr'>Episcopum</span> <span class='ocrx_word' id='word_1_336' title='bbox 515 2568 564 2606; x_wconf 80' lang='lat' dir='ltr'>ad</span> <span class='ocrx_word' id='word_1_337' title='bbox 597 2567 704 2606; x_wconf 79' lang='lat' dir='ltr'>idcni</span> <span class='ocrx_word' id='word_1_338' title='bbox 734 2581 887 2606; x_wconf 78' lang='lat' dir='ltr'>uulnus</span> <span class='ocrx_word' id='word_1_339' title='bbox 915 2567 1181 2618; x_wconf 85' lang='lat' dir='ltr'>deputentur.</span> <span class='ocrx_word' id='word_1_340' title='bbox 1214 2567 1342 2606; x_wconf 79' lang='lat' dir='ltr'>Electi</span> <span class='ocrx_word' id='word_1_341' title='bbox 1374 2567 1413 2605; x_wconf 88' lang='lat' dir='ltr'>in</span> <span class='ocrx_word' id='word_1_342' title='bbox 1444 2567 1588 2606; x_wconf 78' lang='lat' dir='ltr'>officio</span> <span class='ocrx_word' id='word_1_343' title='bbox 1616 2567 1844 2606; x_wconf 87' lang='lat' dir='ltr'>manebunt</span> 
     </span>
     <span class='ocr_line' id='line_1_40' title="bbox 224 2631 1841 2683; baseline 0.001 -14"><span class='ocrx_word' id='word_1_344' title='bbox 224 2646 355 2683; x_wconf 76' lang='lat' dir='ltr'>usque</span> <span class='ocrx_word' id='word_1_345' title='bbox 394 2632 445 2670; x_wconf 88' lang='lat' dir='ltr'>ad</span> <span class='ocrx_word' id='word_1_346' title='bbox 486 2631 724 2681; x_wconf 73' lang='lat' dir='ltr'>proximam</span> <span class='ocrx_word' id='word_1_347' title='bbox 769 2631 1053 2670; x_wconf 65' lang='lat' dir='ltr'>luciecesauzic</span> <span class='ocrx_word' id='word_1_348' title='bbox 1096 2631 1253 2682; x_wconf 71' lang='lat' dir='ltr'>Synodi</span> <span class='ocrx_word' id='word_1_349' title='bbox 1294 2631 1636 2675; x_wconf 69' lang='lat' dir='ltr'>celebrationem,</span> <span class='ocrx_word' id='word_1_350' title='bbox 1679 2632 1719 2670; x_wconf 94' lang='lat' dir='ltr'>in</span> <span class='ocrx_word' id='word_1_351' title='bbox 1759 2645 1841 2683; x_wconf 91' lang='lat' dir='ltr'>qua</span> 
     </span>
     <span class='ocr_line' id='line_1_41' title="bbox 226 2695 1864 2747; baseline 0 -13"><span class='ocrx_word' id='word_1_352' title='bbox 226 2697 288 2734; x_wconf 75' lang='lat' dir='ltr'>xci</span> <span class='ocrx_word' id='word_1_353' title='bbox 320 2697 636 2734; x_wconf 72' lang='lat' dir='ltr'>‹3⁴2›nlir1neutur.</span> <span class='ocrx_word' id='word_1_354' title='bbox 672 2696 732 2734; x_wconf 73' lang='lat' dir='ltr'>xcl</span> <span class='ocrx_word' id='word_1_355' title='bbox 766 2695 834 2733; x_wconf 82' lang='lat' dir='ltr'>alii</span> <span class='ocrx_word' id='word_1_356' title='bbox 868 2708 1014 2734; x_wconf 84' lang='lat' dir='ltr'>eorum</span> <span class='ocrx_word' id='word_1_357' title='bbox 1049 2696 1141 2734; x_wconf 87' lang='lat' dir='ltr'>loco</span> <span class='ocrx_word' id='word_1_358' title='bbox 1173 2695 1462 2747; x_wconf 86' lang='lat' dir='ltr'>designentur.</span> <span class='ocrx_word' id='word_1_359' title='bbox 1498 2696 1622 2744; x_wconf 76' lang='lat' dir='ltr'>Quod</span> <span class='ocrx_word' id='word_1_360' title='bbox 1655 2696 1689 2735; x_wconf 89' lang='lat' dir='ltr'>si</span> <span class='ocrx_word' id='word_1_361' title='bbox 1721 2695 1864 2735; x_wconf 38' lang='lat' dir='ltr'>intel&amp;</span> 
     </span>
    </p>
   </div>
   <div class='ocr_carea' id='block_1_3' title="bbox 221 2783 1853 2868">
    <p class='ocr_par' dir='ltr' id='par_1_5' title="bbox 221 2783 1853 2868">
     <span class='ocr_line' id='line_1_42' title="bbox 327 2783 1853 2828; baseline 0 -9"><span class='ocrx_word' id='word_1_362' title='bbox 327 2787 335 2807; x_wconf 87' lang='lat'>¹</span> <span class='ocrx_word' id='word_1_363' title='bbox 366 2788 459 2828; x_wconf 75' lang='lat' dir='ltr'>t&#39;ap.</span> <span class='ocrx_word' id='word_1_364' title='bbox 490 2786 546 2825; x_wconf 68' lang='lat'>10,</span> <span class='ocrx_word' id='word_1_365' title='bbox 577 2795 672 2818; x_wconf 68' lang='lat' dir='ltr'>sess.</span> <span class='ocrx_word' id='word_1_366' title='bbox 703 2784 813 2818; x_wconf 84' lang='lat' dir='ltr'>XXV</span> <span class='ocrx_word' id='word_1_367' title='bbox 842 2783 891 2817; x_wconf 75' lang='lat' dir='ltr'>(Ie</span> <span class='ocrx_word' id='word_1_368' title='bbox 918 2783 1007 2817; x_wconf 77' lang='lat' dir='ltr'>Res.</span> <span class='ocrx_word' id='word_1_369' title='bbox 1038 2804 1079 2807; x_wconf 79' lang='lat'>——</span> <span class='ocrx_word' id='word_1_370' title='bbox 1108 2783 1121 2805; x_wconf 84' lang='lat'><strong>²</strong></span> <span class='ocrx_word' id='word_1_371' title='bbox 1147 2785 1192 2817; x_wconf 67' lang='lat'>243</span> <span class='ocrx_word' id='word_1_372' title='bbox 1220 2784 1320 2828; x_wconf 84' lang='lat' dir='ltr'>Aug.</span> <span class='ocrx_word' id='word_1_373' title='bbox 1350 2785 1454 2818; x_wconf 80' lang='lat'>1741.</span> <span class='ocrx_word' id='word_1_374' title='bbox 1484 2805 1528 2809; x_wconf 89' lang='lat'>—</span> <span class='ocrx_word' id='word_1_375' title='bbox 1555 2785 1568 2807; x_wconf 82' lang='lat'>³</span> <span class='ocrx_word' id='word_1_376' title='bbox 1595 2785 1853 2819; x_wconf 68' lang='lat' dir='ltr'>Collectanea</span> 
     </span>
     <span class='ocr_line' id='line_1_43' title="bbox 221 2833 744 2868; baseline -0.002 -2"><span class='ocrx_word' id='word_1_377' title='bbox 221 2834 257 2868; x_wconf 60' lang='lat' dir='ltr'>S.</span> <span class='ocrx_word' id='word_1_378' title='bbox 288 2834 328 2866; x_wconf 46' lang='lat'>(⁷¹.</span> <span class='ocrx_word' id='word_1_379' title='bbox 358 2833 406 2867; x_wconf 69' lang='lat' dir='ltr'>do</span> <span class='ocrx_word' id='word_1_380' title='bbox 430 2833 469 2866; x_wconf 74' lang='lat'>1’.</span> <span class='ocrx_word' id='word_1_381' title='bbox 499 2833 541 2865; x_wconf 82' lang='lat' dir='ltr'>F.</span> <span class='ocrx_word' id='word_1_382' title='bbox 572 2844 610 2865; x_wconf 87' lang='grc'>11.</span> <span class='ocrx_word' id='word_1_383' title='bbox 640 2833 744 2866; x_wconf 61' lang='grc'><strong>1586.</strong></span> 
     </span>
    </p>
   </div>
  </div>
 </body>
</html>
