1914 3083
173 81 242 114 430

624 81 713 114 Lir..
749 81 812 114 IV.
842 101 854 105 -
883 81 991 115 l‘Aas
1018 82 1048 115 I.
1076 101 1090 105 -
1118 81 1176 115 De
1204 82 1358 117 izulieie's

221 201 237 238 §x
265 198 298 230 2.
329 196 441 237 Quod
469 197 500 230 si
530 196 593 230 hic
621 201 766 231 renuat
793 196 855 230 vel
886 208 952 231 ne·

171 244 312 287 gligat.
344 248 454 287 parte
481 244 596 277 euius
615 243 785 278 interest
804 244 955 278 instan-

174 286 212 325 te
241 291 303 325 vel
332 291 454 325 etiam
482 302 529 324 ex
558 291 701 335 officio,
748 291 954 326 exsecutio

172 343 323 381 spectat
354 338 403 372 ad
430 338 605 371 iudicem
649 338 951 382 appellationis.

223 389 238 426 g&
279 388 312 418 3.
360 386 467 419 Inter
506 385 717 429 religitffios
771 386 956 420 executio

171 432 396 466 sententiae
424 437 580 476 spectat
605 432 656 466 ad
683 434 951 477 Superiorem,

171 480 236 523 qui
278 480 529 514 definitivam
571 481 813 515 sententiam
854 481 953 515 tulit

171 532 238 561 aut
269 527 440 560 iudicem
470 527 689 570 delegavit.

219 574 318 608 CAN.
342 576 447 608 1921.
469 595 481 599 -
512 577 581 616 §L
611 575 844 617 Exsecutor,
872 575 952 609 nisi

171 622 269 664 quid
296 622 383 655 eius
410 623 579 656 arbitrio
606 622 648 656 in
675 623 763 666 ipso
796 627 953 656 senten-

173 669 251 703 tiae
280 672 418 703 tenore
448 670 570 704 fuerit
598 671 849 715 permissum,
888 670 952 704 de-

171 716 237 750 bet
266 717 508 751 sententiam
550 718 691 762 ipsam,
734 717 950 752 secundun]

171 764 334 798 obvium
364 765 573 799 verborum
603 776 776 806 sensum,
811 776 951 800 execu-

173 811 273 845 tioni
302 812 507 847 mandare.

219 863 234 899 g&
262 861 296 892 2.
329 860 440 894 Licet
478 860 511 893 ei
544 859 681 893 videre
722 859 770 893 (le
811 871 951 905 excep-

171 906 352 940 tionibus
379 908 484 941 cirea
512 907 670 941 modum
701 911 741 940 et
768 906 848 941 vim
888 919 952 941 ex-

170 954 403 991 secutionis.
432 966 509 989 non
539 959 672 989 autem
717 955 766 988 de
805 955 950 989 merito

171 1012 328 1037 causae:
370 1003 474 1045 quod
518 1003 549 1036 si
594 1003 742 1036 lrabeat
782 1002 949 1036 aliunde

169 1052 416 1092 compertum
443 1050 689 1085 sententiam
716 1060 801 1084 esse
826 1049 952 1084 mani-

169 1095 273 1130 feste
300 1096 506 1132 iniustam.
535 1097 740 1132 abst-ineat
765 1097 813 1130 ab
842 1108 952 1131 exse-

168 1143 342 1180 cutione.
373 1148 412 1178 et
454 1149 605 1188 partem
651 1145 702 1178 ad
747 1155 837 1178 euin
881 1145 949 1189 qui

168 1191 466 1225 exsecutionem
496 1192 710 1232 commisit,
752 1191 948 1226 remittat.

217 1238 318 1272 CAN.
348 1240 453 1273 1922.
483 1259 495 1264 -
523 1243 539 1281 ᾧ
575 1242 607 1274 1.
650 1238 763 1279 Quod
801 1240 953 1274 attinet

168 1284 217 1319 ad
246 1286 375 1320 reales
402 1287 594 1329 actitaret-r,
639 1286 873 1321 adiudicat-a
913 1298 950 1321 a·

167 1333 268 1366 etori
297 1344 338 1367 re
356 1334 506 1378 aliqua,
528 1335 624 1369 haec
645 1334 771 1369 actori
792 1334 951 1369 traden—

167 1380 215 1414 da
245 1385 305 1415 est
333 1381 468 1415 statim
498 1393 542 1416 ae
570 1392 632 1416 res
658 1381 840 1416 iudicata
882 1382 949 1416 ha-

168 1428 298 1461 betur.

215 1479 230 1516 18
257 1477 290 1510 2,
321 1476 432 1516 Quod
462 1487 556 1511 vero
582 1476 731 1511 attinet
759 1476 808 1510 ad
829 1477 950 1511 actio-

166 1533 237 1556 nes
256 1524 500 1568 personales,
521 1535 611 1557 cuin
630 1535 722 1558 reus
738 1524 951 1559 damna-tus

166 1574 229 1604 est
255 1571 304 1605 ad
332 1582 414 1605 rem
442 1571 629 1606 mobilem
652 1571 948 1615 praestandam,

166 1617 232 1651 vel
260 1618 309 1652 ad
338 1619 574 1653 solvendam
615 1620 842 1663 pecuniam.
885 1620 949 1654 vel

1025 196 1076 232 ad
1103 197 1215 231 aliud
1243 198 1419 233 dandum
1446 203 1518 235 aut
1560 200 1807 247 faciendum,

1028 244 1323 288 quadrimestre
1348 247 1586 282 conceditur
1627 260 1698 293 pro
1736 249 1809 284 im·

1028 292 1175 336 plenda
1203 293 1465 338 obligatione.

1076 342 1091 380 §
1142 340 1175 373 3.
1230 340 1354 375 Iudex
1406 345 1539 385 potest
1590 343 1808 379 terminum

1027 387 1317 431 praescriptum
1340 388 1403 423 vel
1424 389 1615 424 reducere
1634 391 1698 425 vel
1720 403 1809 436 pro-

1026 433 1200 478 trahere,
1228 435 1285 469 ita
1312 440 1445 470 tamen
1475 440 1521 471 ut>
1545 448 1674 481 neque
1700 438 1812 474 infra

1026 480 1217 516 bimestre
1244 488 1484 527 coarctetur,
1516 496 1645 528 neque
1664 496 1810 521 semes-

1028 532 1089 561 tre
1116 529 1299 564 excedat.

1075 577 1175 610 CAN.
1206 578 1310 612 1923.
1333 598 1344 602 -
1368 582 1384 619 ᾗ
1412 580 1444 612 1.
1476 579 1521 612 111
1549 580 1809 615 exsecutione

1027 624 1255 668 peragenda
1311 629 1522 660 exsecutor
1571 633 1712 662 caveat
1763 632 1810 662 ut

1024 682 1143 713 quam
1171 671 1383 706 minimum
1403 673 1593 708 damnato
1612 675 1807 710 noceatur

1028 729 1154 763 eaque
1181 719 1229 753 de
1272 730 1388 755 causa
1433 720 1603 766 incipiat
1646 734 1807 757 exsecu-

1025 765 1175 800 tionem
1204 778 1227 800 a
1254 767 1531 803 distrahendis
1558 769 1677 804 rebus
1704 782 1807 814 quae

1026 814 1160 847 minus
1186 814 1223 848 ei
1250 815 1499 850 necessariae
1534 820 1641 861 sunt,
1682 818 1809 853 salvis

1027 872 1185 905 semper
1211 872 1312 905 quae
1332 862 1418 898 eius
1438 864 1565 898 victui
1587 864 1652 899 vel
1670 865 1807 900 indus-

1023 909 1126 943 triae
1153 909 1404 955 deserviunt3
1431 915 1473 945 et
1499 912 1529 945 si
1574 915 1718 956 agatur
1757 913 1808 948 de

1025 957 1185 995 elerico,
1216 957 1326 992 salva
1346 958 1513 993 honesta
1545 959 1724 994 eiusdem
1746 972 1808 995 su-

1024 1004 1272 1039 stentatione
1299 1005 1351 1039 ad
1377 1017 1555 1040 normani
1583 1018 1669 1041 can.
1700 1009 1781 1042 122.

1071 1055 1088 1093 gi
1114 1053 1149 1085 2.
1178 1052 1240 1086 Ad
1267 1055 1567 1088 exsecutionem
1611 1055 1807 1099 privatio-

1023 1099 1087 1132 nis
1125 1099 1313 1134 beneficii
1356 1101 1479 1136 iudex
1523 1113 1571 1136 ne
1614 1104 1809 1147 procedat

1024 1150 1162 1181 contra
1191 1147 1379 1182 clericum
1409 1149 1476 1192 qui
1516 1148 1699 1185 Sanctam
1742 1151 1806 1186 Se-

1024 1193 1115 1227 116111
1143 1194 1289 1229 adierit
1311 1208 1318 1237 3
1348 1196 1416 1230 sed
1445 1196 1477 1230 si
1504 1201 1648 1242 agatur
1673 1197 1721 1231 de
1740 1199 1810 1233 be-

1024 1241 1181 1281 neficio,
1210 1242 1273 1276 cui
1301 1242 1456 1278 adnexa
1486 1244 1541 1278 sit
1580 1245 1802 1280 animarum

1024 1299 1132 1332 cura,
1153 1289 1393 1324 Ordinarius
1414 1291 1626 1335 provideat
1651 1303 1721 1337 per
1740 1293 1807 1329 de-

1025 1336 1295 1380 signationem
1324 1338 1467 1373 vicarii
1495 1339 1724 1375 substituti.

1071 1383 1171 1417 CAN.
1207 1386 1313 1419 1924.
1355 1405 1368 1410 —
1409 1386 1628 1421 Exsecutor
1668 1392 1807 1423 utatur

1024 1431 1136 1474 prius
1163 1432 1329 1466 monitis
1364 1437 1402 1466 et
1443 1435 1669 1478 praeceptis
1711 1446 1806 1481 erga

1024 1479 1318 1522 i·eluctante111;
1370 1480 1420 1515 ad
1471 1492 1621 1525 poenas
1671 1487 1802 1518 autem

1025 1526 1259 1569 spiritua-les
1285 1532 1327 1562 et
1353 1528 1404 1562 ad
1431 1539 1620 1564 censuras
1646 1540 1696 1564 ne
1739 1531 1807 1566 de·

1025 1574 1176 1619 veniat⁷
1206 1575 1285 1610 nisi
1312 1587 1359 1610 ex
1387 1576 1631 1612 necessitate
1659 1581 1698 1611 et
1717 1590 1804 1623 gra-

1023 1621 1163 1656 (latim.

826 1764 870 1768 —
901 1744 960 1778 vel
982 1745 1157 1780 nonduin
1172 1750 1397 1782 transactae
1417 1748 1456 1781 in
1478 1759 1560 1782 rem

850 1791 1069 1826 indicatam
1585 1795 1680 1830 Can.
1711 1798 1804 1831 1917

534 1906 576 1910 —-
604 1887 740 1919 firmae
768 1906 811 1910 —-
828 1906 871 1911 —
898 1886 1113 1921 decidente
1139 1888 1379 1933 quandoque
1400 1901 1556 1924 causam

877 1933 1123 1969 incidentem
1642 1951 1656 1966 »
1710 1939 1803 1973 1918

829 2049 873 2052 —-
895 2030 1189 2073 praerequisito
1213 2030 1374 2065 decreto
1394 2031 1541 2066 iudicis
1640 2047 1656 2063 »
1710 2033 1803 2066 1919

163 2097 352 2178 plump*
379 2098 490 2151 {VH
827 2144 871 2148 —
897 2124 1140 2168 perficienda
1642 2143 1656 2156 >›
1709 2128 1803 2162 1920

203 2157 222 2178 e
233 2149 491 2180 exsecutione

187 2193 412 2228 sententiae
472 2213 573 2218 —-—
609 2204 631 2227 a
657 2205 735 2237 quo
768 2215 812 2218 —
1128 2232 1230 2254 *(Ᾰῖ
1244 2220 1572 2256 debitovffliuris

830 2266 1088 2310 —etquibus
1151 2268 1408 2303 concessione
1640 2285 1656 2299 »
1709 2270 1799 2304 1921

853 2314 1026 2348 servatis
1066 2335 1108 2338 —

529 2568 572 2571 —
599 2552 774 2591 exparte
796 2550 1044 2585 exsecutoris
1063 2526 1117 2618 -Ι

1116 2359 1169 2386 ’-
1181 2362 1312 2406 quoad
1323 2363 1562 2397 dilationem
1776 2380 1780 2383 ·

1633 2427 1648 2440 »
1701 2411 1796 2444 1922

1146 2410 1272 2453 partis

1124 2524 1166 2529 —-
1195 2505 1418 2539 cavendum
1638 2520 1652 2535 >›
1706 2506 1799 2540 1923

1123 2619 1165 2622 —
1207 2598 1338 2641 quoad
1377 2598 1557 2633 ordinem

1144 2645 1367 2679 mediorum
1633 2661 1646 2675 *0
1705 2647 1799 2680 1924

255 2769 362 2803 453.
380 2770 623 2815 Inscriptio
639 2771 795 2806 Tituli.
816 2793 857 2796 —
874 2768 1105 2819 Postquam
1130 2775 1227 2807 :sunt
1258 2782 1467 2821 perpensa
1498 2782 1791 2821 quaecumque

163 2828 394 2868 seiilenliac
424 2829 616 2869 accidere
648 2837 841 2881 possunt,
876 2845 923 2871 ac
953 2845 1126 2871 normae
1155 2832 1279 2872 [latae
1309 2833 1479 2873 fuerunt
1508 2834 1563 2873 ad
1592 2833 1685 2873 eius
1715 2833 1785 2873 fir-
