1914 3083
167 81 236 112 ’.ΠὸΙ
609 80 696 112 11111.
727 80 791 112 IV.
822 100 834 104 -
864 79 970 112 Pus<
998 80 1028 113 Ῐ.
1057 100 1070 104 -
1102 80 1156 113 De
1181 79 1336 113 tudiciis·
1586 81 1680 116 Can.
1701 83 1793 116 1698

171 199 304 239 cibus,
345 199 509 249 utrique
548 199 658 247 parti
699 198 964 236 contendenti
1003 198 1202 237 attribuat
1242 212 1317 251 per
1357 199 1607 240 sententiam
1645 200 1687 239 in
1727 200 1788 240 iu-

170 263 280 301 dicio
310 261 597 313 possessionis
626 262 884 301 retinendae.

276 326 382 365 Illud
421 325 663 376 expostulat
702 325 858 365 iustitia
896 331 1088 366 statuens
1127 327 1312 367 medium
1350 334 1390 367 et
1431 328 1496 368 ius
1531 342 1658 368 usuum
1696 330 1786 369 uni-

168 390 317 441 cuique
353 390 464 429 iuxta
501 389 774 440 probationes
806 390 1010 429 tribuens.
1045 391 1345 430 Verumtamen
1383 393 1598 443 praevenit
1628 393 1783 433 damna

166 467 274 505 quae
304 468 353 493 ex
383 454 453 492 tali
480 453 688 492 sementia
719 453 820 492 oriri
851 459 1039 505 possent,
1070 455 1134 493 vel
1164 455 1355 506 providet
1386 456 1659 496 insufficienti
1688 457 1785 497 huie

166 531 339 557 normae
373 518 412 556 in
446 518 630 558 casibus.
664 518 765 557 dum
797 517 939 557 statuit
968 517 986 561 ἓ
1015 519 1053 557 3.
1089 518 1135 558 Si
1168 520 1228 558 rei
1259 533 1327 571 vg.
1361 519 1555 559 beneficii
1585 521 1786 561 ecelesia-

167 582 274 621 stici.
310 583 372 621 ret
405 582 504 621 iuris¹
539 596 574 621 v.
611 596 673 634 gr.
708 582 931 621 funerandi
966 589 1277 623 commorantes
1308 584 1349 622 in
1383 585 1568 635 quodam
1599 585 1784 637 hospitio

168 650 208 695 a)
235 646 396 686 indoles
424 651 493 686 aut
521 648 562 695 b)
588 648 902 686 contentionum
929 652 966 686 et
995 649 1032 697 c)
1059 647 1245 687 rirarum
1272 648 1452 687 forsitan
1479 649 1532 688 01)
1560 648 1784 701 qualitates

166 724 446 762 personarum
471 712 704 763 periculum
734 711 976 762 praevisum
1002 712 1231 763 prudenter
1254 718 1294 752 et
1319 713 1516 753 fortassis
1543 714 1595 753 ob
1622 719 1785 766 praete—

164 776 288 815 ritam
319 775 638 826 experientiam,
671 789 751 814 non
783 775 998 825 patiantur
1028 781 1068 815 ut
1100 776 1214 815 iuxta
1244 775 1289 820 §¹¹¹
1318 782 1492 828 praec.¹²¹
1522 777 1783 830 litiyantibus

164 840 216 879 de
245 840 517 891 possessione
543 839 761 879 retinenda
787 853 866 890 pro
896 840 1075 880 indiviso
1104 842 1339 891 possessio,
1369 847 1412 881 ut
1438 841 1495 881 ibi
1521 842 1784 882 declaratum

161 909 240 949 est,
271 905 432 943 interim
463 904 514 942 ob
542 909 734 943 naturam
762 903 1063 955 probationum
1088 904 1355 953 attribuatur,
1387 905 1513 945 iudeae
1537 911 1783 957 competens

164 968 216 1007 ab
240 973 415 1019 utroque
436 981 659 1007 removens
681 968 733 1007 ad
755 973 922 1018 tempus
944 968 1262 1019 possessionem
1282 969 1382 1009 facti
1401 983 1451 1008 ac
1475 983 1553 1021 pro
1575 970 1700 1010 huius
1720 971 1784 1010 di-

162 1031 372 1079 versitate,
409 1038 582 1071 cxtcnso
616 1032 792 1072 canonis
829 1034 928 1072 1672
963 1032 1243 1084 praescripto⁷
1280 1037 1320 1084 a)
1354 1048 1439 1073 rein
1477 1035 1780 1087 possidendam

160 1099 277 1148 apud
300 1102 564 1148 sequestrum
594 1097 646 1136 ad
671 1110 866 1137 normam
892 1111 983 1137 can.
1015 1100 1114 1138 1675
1140 1099 1311 1149 deponi,
1340 1103 1410 1138 aut
1437 1099 1481 1149 b)
1509 1100 1611 1139 iuris
1640 1101 1779 1150 quasi-

160 1162 475 1211 possessionem
519 1155 592 1201 seu
630 1161 880 1201 exercitium
921 1162 971 1202 de
1011 1162 1123 1202 facto
1165 1163 1370 1213 suspendi
1413 1164 1551 1203 iubeat
1592 1164 1776 1209 decreto,

161 1240 293 1276 usquc
314 1227 368 1265 acl
391 1227 533 1265 iudicii
553 1227 739 1276 petitorii
760 1227 932 1267 alitum,
958 1227 996 1265 in
1018 1241 1102 1278 quo
1123 1241 1273 1279 nempe
1298 1233 1446 1279 agatur
1471 1245 1488 1265 «
1515 1229 1565 1267 ad
1588 1242 1676 1267 rem
1699 1228 1778 1267 sibi

158 1291 470 1331 vindicandam,
500 1304 577 1330 seu
609 1292 661 1330 ad
692 1291 756 1331 ius
783 1305 910 1330 suum
941 1292 1283 1344 persequendum
1315 1306 1365 1332 ex
1396 1293 1516 1332 titulo
1547 1292 1652 1333 iuris
1682 1306 1779 1332 auc-

156 1355 324 1394 toritate
360 1355 584 1395 subnixo»
622 1357 731 1407 (can.
773 1357 887 1402 1668,
926 1355 942 1399 ἓ
980 1359 1034 1405 1),
1072 1356 1158 1396 six-e
1194 1355 1264 1395 illa
1303 1357 1543 1397 instituatur
1581 1357 1688 1397 actio
1725 1358 1777 1397 ab

155 1434 223 1467 eo,
255 1420 328 1471 qui
361 1426 502 1471 partes
533 1420 691 1459 actoris
723 1420 763 1459 in
796 1421 1067 1472 possessorio
1099 1421 1286 1473 gerebat,
1321 1422 1491 1462 siveab
1525 1423 1672 1465 altero,
1706 1423 1777 1475 qui

160 1490 201 1523 ut
229 1498 347 1523 reum
374 1484 413 1522 in
441 1484 712 1535 possessorio
740 1498 783 1524 se
807 1484 1000 1524 «sistebat.

261 1556 363 1590 189.
401 1555 701 1590 Interdictum
726 1555 841 1590 unde
859 1555 906 1590 vi
933 1550 1011 1590 fuit
1049 1551 1311 1602 appellatum
1349 1551 1389 1589 in
1430 1552 1525 1591 Iure
1567 1552 1775 1595 Romano,

158 1614 266 1654 unde
297 1614 463 1653 transiit
494 1614 534 1653 in
567 1614 631 1653 ius
664 1614 928 1661 canonicum⁷
963 1615 1067 1654 illud
1097 1614 1294 1654 iudiciale
1325 1615 1575 1662 remedium,
1609 1616 1659 1655 de
1691 1630 1776 1668 quo

156 1678 196 1716 in
231 1678 385 1718 Codice
418 1685 597 1718 tractare
632 1679 776 1731 incipit
810 1693 903 1719 con.
942 1681 1056 1718 1698.
1094 1679 1278 1731 Exponit
1313 1679 1521 1719 actionem
1551 1687 1590 1720 et
1623 1694 1776 1733 excep-

155 1743 312 1781 tionem
343 1743 584 1782 huiusmodi
615 1743 631 1787 ἓ
663 1746 697 1783 1.
732 1744 963 1797 designans
992 1744 1229 1785 subiectum
1260 1745 1379 1793 iuris,
1410 1759 1513 1798 erga
1544 1759 1651 1798 quas
1681 1760 1775 1799 per-

152 1820 283 1846 sonas
308 1807 409 1846 illud
433 1809 623 1847 exerceri
648 1809 783 1859 possit
806 1815 846 1848 et
872 1809 998 1849 finem
1019 1824 1073 1850 ex
1096 1810 1170 1850 tali
1194 1810 1384 1850 remedio
1410 1812 1770 1863 consequendum.

155 1871 289 1922 Atque
317 1871 386 1910 ait.
415 1872 495 1921 Qui
520 1886 652 1924 usque
677 1887 787 1914 nunc
812 1887 1053 1925 possessor,
1081 1880 1121 1914 ut
1143 1875 1306 1915 eruitur
1328 1890 1382 1915 ex
1408 1881 1619 1923 contextu7
1648 1881 1771 1928 atque

154 1948 303 1985 parum
337 1936 464 1975 refert
497 1942 645 1976 natura
680 1938 805 1977 liuius
838 1938 1141 1990 possessionis,
1177 1945 1439 1991 quapropter
1470 1941 1598 1980 etiam
1631 1956 1652 1981 «
1675 1941 1773 1981 sim-

154 1999 250 2049 plex
288 2001 536 2047 detentor»,
572 2002 651 2041 etsi
687 2002 869 2042 iniustus
905 2004 1046 2055 «quia
1085 2005 1244 2055 praedo
1278 2005 1407 2044 etiam
1439 2011 1503 2044 est
1539 2006 1771 2046 seeundum

152 2063 339 2115 rigorem
371 2065 475 2105 iuris
506 2067 850 2114 restituendus»,
885 2074 925 2108 ut
959 2068 1015 2108 ait
1047 2069 1167 2108 Alex.
1202 2070 1262 2110 III
1297 2069 1484 2109 Brixien.
1515 2071 1724 2123 episcopo
1759 2074 1767 2093 ¹

150 2128 382 2168 dummodo
419 2131 470 2177 ri,
507 2144 581 2169 seu
617 2131 839 2172 «maioris
869 2132 929 2171 rei
965 2132 1138 2183 impetu,
1176 2133 1241 2172 cui
1277 2134 1417 2174 resisti
1451 2148 1535 2174 non
1572 2140 1710 2187 potest
1732 2150 1768 2182 »⁷

149 2197 220 2230 aut
255 2193 378 2234 clani,
416 2194 545 2234 idest:
582 2201 778 2246 respectu
814 2197 1080 2248 possessoris
1115 2198 1179 2236 vel
1213 2199 1399 2250 gerentis
1434 2199 1568 2239 vicem
1600 2200 1693 2241 eius
1729 2201 1769 2240 in

151 2256 439 2305 possessione,
477 2272 646 2309 quoquo
682 2260 806 2299 inodo
837 2273 891 2300 ex
925 2261 1134 2312 pluribus,
1171 2262 1241 2314 qui
1274 2263 1571 2315 exprimuntur
1604 2265 1645 2304 in
1679 2266 1768 2306 iure

152 2318 435 2359 Decretalium
462 2328 500 2360 et
532 2324 644 2374 apud
676 2324 882 2365 Doctores
911 2325 1137 2377 quisquam
1165 2341 1189 2366 a
1218 2330 1493 2378 possessione
1523 2331 1599 2379 rei,
1631 2344 1670 2370 v.
1702 2345 1765 2384 gr.

150 2384 359 2432 beneficii,
394 2392 433 2425 ut
467 2387 506 2425 in
538 2388 605 2427 cit.
639 2395 752 2428 textu
786 2390 1084 2439 Decretalium,
1120 2392 1184 2432 rel
1214 2394 1631 2445 quasi-possessione
1664 2397 1766 2436 turis

149 2461 187 2486 v.
214 2461 276 2498 gr.
303 2450 642 2499 matrimonialis,
668 2453 774 2493 sieut
798 2454 838 2493 in
862 2468 986 2506 capp.
1011 2458 1049 2501 8,
1079 2459 1125 2496 10
1148 2463 1185 2496 et
1213 2459 1259 2497 12
1282 2458 1407 2498 huius
1430 2459 1553 2507 tituli,
1579 2460 1764 2501 deiectus

151 2517 210 2550 est
237 2512 286 2551 de
313 2513 439 2560 tacto,
469 2515 574 2553 alias
599 2517 710 2556 enim
739 2524 912 2569 propter
940 2520 1178 2561 molestiam
1205 2522 1268 2561 101
1294 2528 1542 2563 attentatum
1567 2530 1679 2564 esset
1707 2525 1767 2564 lo-

148 2590 222 2615 cus
258 2576 483 2618 interdicto
514 2580 755 2621 retinendae
793 2584 1096 2633 possessionis,
1133 2586 1337 2627 aduersus
1375 2589 1602 2638 quemlibet
1637 2589 1764 2631 etiam

148 2640 370 2691 proprium
405 2641 661 2690 Praelatum,
698 2646 1085 2688 administratorem
1119 2662 1327 2700 personae
1361 2652 1551 2700 morali-s,
1587 2652 1765 2693 minoris

146 2707 343 2750 tutorem,
371 2711 654 2745 verumtamen
681 2714 720 2757 a)
744 2710 872 2758 ..s-polii
896 2724 969 2749 seu
992 2712 1239 2751 deiectionis
1266 2715 1507 2764 praedictae
1531 2721 1763 2765 auctorem,

248 2837 258 2858 ¹
286 2837 379 2882 Cap.
408 2840 429 2872 5
458 2854 472 2868 «
496 2839 544 2874 de
573 2841 832 2876 restitutione
860 2844 1123 2887 spoliatorum
1148 2866 1157 2873 v
1194 2847 1260 2891 (H,
1292 2849 1349 2891 13)
1380 2850 1427 2883 X.
