1914 3083
203 123 274 156 294
652 121 740 153 Lm.
770 119 836 153 IV.
866 138 879 143 -
906 118 1014 152 PARS
1041 118 1072 151 Ι.
1101 137 1114 142 -
1141 117 1199 151 De
1227 117 1379 151 iudiciis

213 240 313 278 haec
339 239 421 277 duo
445 237 697 287 copulative,
719 236 797 275 sed
820 239 860 286 a)
881 236 1034 275 saltem
1057 249 1189 286 usque
1213 235 1312 274 dum
1336 238 1444 281 acta,
1471 234 1576 274 inter
1600 248 1707 287 quae
1732 235 1828 275 11136

213 308 484 342 recensentur
505 306 540 340 el
562 300 743 351 allegata
765 300 925 350 publici
947 300 1049 338 iuris
1070 300 1188 349 fiant,
1212 312 1287 349 per
1308 298 1462 338 dictam
1479 304 1673 338 sactorum
1695 297 1833 350 publi-

212 366 434 412 cationem,
470 365 520 403 dc
552 377 634 415 qua
669 363 793 410 insi-33
830 363 912 402 imo
947 363 1072 401 etiam
1105 362 1148 412 b)
1180 366 1386 413 perpetuo
1421 362 1477 401 ad
1508 375 1701 402 normam
1734 378 1825 403 can.

217 430 330 477 7623,
359 428 375 472 ἓ
399 429 438 476 3,
467 428 537 467 ubi
563 439 716 467 6311836
743 426 868 466 11111118
895 425 1087 477 perpetui
1116 426 1266 466 secreti
1292 425 1540 478 iniungendi
1567 432 1608 466 et
1635 440 1713 478 pro
1741 428 1832 479 qui-

211 494 291 533 bus
324 492 521 544 personis
549 496 867 538 enumerantur,
902 490 1150 530 deducendo
1183 503 1233 530 ex
1265 490 1345 530 hoc
1377 491 1642 542 praescripto
1675 491 1833 531 ibidem

213 557 384 597 tractari
433 556 483 596 de
533 561 738 607 perpetuo
784 560 964 601 secreto,
1018 554 1123 594 sicut
1151 566 1416 606 consequens
1442 560 1532 594 crat
1561 555 1832 606 perpetuitati

214 634 453 660 causarum.

579 743 705 786 ΛΒΤ.
740 744 825 786 IV.
861 765 914 770 —
946 743 1016 785 De
1049 744 1231 785 testium
1262 745 1478 786 examine.

256 867 356 902 CAN.
387 867 493 901 1770.
527 886 540 891 -
579 870 595 908 ᾗ
634 868 668 900 1.
714 867 854 900 Τ68168
896 869 991 900 sunt

212 914 389 950 examini
417 913 662 949 subiiciendi
690 914 731 948 in
758 914 846 957 ipsa
865 914 990 948 tribu-

208 962 314 997 nalis
341 961 449 997 sede.

1100 864 1201 899 CAN.
1232 865 1337 899 1772.
1357 885 1370 892 -
1397 869 1413 907 ᾖ
1441 867 1474 899 1.
1504 866 1645 901 Τ68168
1671 867 1839 902 seorsim

1053 911 1204 957 singuli
1232 912 1494 947 examinandi
1521 917 1628 948 sunt.

1102 962 1118 1000 ᾗ
1145 960 1180 992 2.
1210 959 1406 994 Prudenti
1434 964 1569 995 tamen
1597 961 1745 996 iudicis
1779 973 1838 996 ar-

257 1013 273 1051 ᾧ
300 1010 334 1043 2.
364 1009 424 1043 Ab
451 1008 524 1043 1136
551 1007 732 1053 generali
759 1009 898 1054 regula
929 1019 992 1042 ex-

209 1056 418 1101 cipiuntur
435 1069 442 1090 ε

282 1105 321 1137 1⁰
364 1103 400 1138 S.
431 1104 475 1137 R.
505 1103 549 1136 E.
590 1102 838 1147 Cardinales,
881 1102 993 1146 Epis-

209 1151 298 1195 copi
350 1155 390 1184 et
432 1160 625 1194 personae
668 1150 849 1184 illustres
892 1160 993 1194 quae

209 1209 304 1233 suae
332 1197 515 1232 civitatis
542 1197 627 1230 iure
671 1197 907 1231 eximuntur
943 1198 994 1231 ab

209 1245 460 1290 obligatione
486 1245 745 1288 comparendi
772 1256 905 1280 coram
934 1244 995 1278 iu—

210 1293 300 1327 dice
327 1291 579 1327 testiticandi
606 1302 750 1326 causa:
787 1292 817 1326 ii
856 1303 994 1326 omnes

211 1340 361 1385 eligere
388 1340 469 1384 ipsi
488 1343 655 1383 possunt
676 1339 807 1374 locum
827 1339 897 1374 ubi
917 1343 994 1374 tes-

210 1387 428 1431 tificentur,
458 1386 507 1421 de
534 1397 611 1430 quo
638 1387 812 1422 iudicem
853 1387 995 1422 certio-

210 1446 293 1470 rem
321 1435 454 1469 facere
481 1433 656 1476 debent3

282 1485 321 1516 2⁰
348 1482 424 1523 Qui
466 1482 606 1516 morbo
644 1481 776 1516 aliove
816 1482 994 1526 corporis

211 1530 277 1563 vel
304 1529 431 1564 animi
457 1529 751 1573 impedimento
770 1529 994 1564 31116011(11-

210 1577 323 1611 tione
349 1577 473 1621 vitae,
502 1576 563 1610 1111
582 1576 791 1621 moniales,
814 1577 994 1612 tribuna-

209 1625 261 1659 lis
287 1625 423 1659 sedem
442 1624 554 1658 adire
573 1628 794 1668 neqi1ei1nt3
825 1624 854 1658 ii
883 1624 991 1659 domi

210 1672 404 1706 audiendi
431 1675 524 1706 sunt
543 1684 550 1713 ;

283 1720 322 1753 30
347 1719 423 1761 Qui
450 1722 564 1753 extra
591 1718 808 1753 dioecesim
850 1718 995 1764 degen-

211 1770 284 1811 tes,
313 1766 355 1800 in
384 1766 601 1801 dioecesim
627 1766 778 1801 reverti
798 1769 838 1800 et
857 1767 908 1801 ad
926 1766 996 1801 tri-

211 1813 373 1848 bunalis
399 1814 535 1849 sedem
562 1813 752 1849 accedere
776 1814 863 1848 sine
881 1813 995 1859 gravi

212 1861 467 1896 incommodo
493 1865 725 1905 nequeunt3
753 1861 783 1895 ii
802 1860 996 1896 audiendi

211 1912 305 1942 sunt
331 1920 353 1943 a
379 1909 578 1943 tribunali
605 1909 683 1943 loci
711 1909 753 1943 in
781 1920 859 1952 quo
893 1920 996 1943 com-

212 1960 420 1990 morantur
446 1956 497 1990 ad
540 1967 720 1991 normam
759 1966 846 1990 can.
887 1958 993 1997 1570,

212 2007 228 2045 ᾗ
255 2005 290 2047 2,
319 2003 538 2038 secundum
577 2003 918 2049 interrogationes
957 2007 997 2038 et

211 2051 500 2085 instructiones
517 2062 540 2085 a
554 2062 698 2086 causae
717 2051 851 2086 iudice
870 2054 997 2085 trans-

214 2098 375 2137 missas;

282 2147 322 2179 40
348 2145 423 2187 Qui
449 2145 492 2179 in
512 2145 689 2180 dioecesi
709 2145 872 2190 quidem
893 2156 997 2180 com-

212 2196 433 2233 morantur,
463 2193 533 2227 sed
559 2193 601 2227 in
629 2193 730 2227 locis
756 2193 815 2227 ita
841 2192 997 2227 dissitis

210 2252 233 2274 a
259 2239 475 2274 tribunalis
502 2240 610 2280 sede,
631 2244 675 2275 ut
695 2240 781 2275 sine
800 2240 995 2285 gravibus

212 2287 407 2331 impensis
425 2298 555 2330 neque
574 2288 653 2332 ipsi
674 2287 849 2322 iudicem
867 2287 994 2331 adire,

213 2345 341 2378 neque
369 2345 390 2368 a
416 2334 550 2370 iudice
578 2336 682 2370 adiri
710 2335 880 2379 possint.
910 2335 994 2369 Hoc

213 2383 254 2415 in
297 2393 391 2416 casu
435 2381 557 2416 iudex
608 2383 730 2417 debet
768 2383 995 2427 propiorem

211 2429 388 2472 aliquem
440 2430 688 2464 sacerdotem
739 2429 906 2474 dignum
957 2433 998 2463 et

214 2476 404 2510 idoneum
433 2476 642 2522 deputare,
672 2479 716 2511 ut
754 2488 843 2511 611111
881 2476 999 2511 assis-

215 2523 345 2558 tentia
360 2524 545 2565 alicuius,
564 2525 632 2568 qui
646 2524 815 2559 actuarii
831 2534 997 2558 munere

214 2570 420 2615 fungatur,
450 2582 619 2606 examen
646 2572 787 2606 horum
831 2571 997 2606 testium

212 2618 408 2662 perficiat,
430 2618 678 2653 transmissis
696 2619 848 2663 pariter
866 2619 997 2653 eidem

214 2665 604 2710 interrogationibus
632 2665 843 2709 faciendis,
874 2666 997 2700 datis-

213 2723 290 2756 que
316 2714 556 2758 opportunis
582 2712 936 2747 instructionibus.

260 2760 361 2795 CAN.
399 2761 503 2796 1771.
548 2780 561 2785 -
604 2760 791 2794 Examini
830 2760 997 2794 testium

213 2811 347 2851 partes
373 2807 562 2842 assistere
589 2810 810 2851 nequeunt,
839 2807 996 2841 11181111-

214 2854 292 2889 dex
317 2866 384 2890 eas
410 2855 686 2890 admittendas
712 2855 929 2889 censuerit.

1054 1006 1179 1040 bitrio
1206 1007 1454 1051 relinquitur
1480 1012 1571 1052 post
1597 1009 1708 1043 edita
1727 1009 1839 1044 testi-

1054 1054 1189 1088 monia
1232 1058 1356 1089 testes
1399 1055 1506 1090 inter
1548 1067 1590 1090 se
1632 1060 1702 1090 aut
1751 1068 1837 1091 cum

1057 1106 1170 1145 parte
1212 1103 1409 1142 conferre,
1450 1113 1534 1147 seu,
1576 1103 1713 1149 vulgo,
1754 1116 1839 1141 con-

1047 1149 1188 1194 ιἤνοηΐα
1197 1159 1247 1182 re.

1102 1197 1179 1237 §3.
1221 1196 1267 1230 Id
1305 1200 1437 1231 autem
1482 1196 1571 1231 fieri
1614 1198 1766 1242 poterit
1804 1198 1839 1233 si

1055 1243 1154 1278 haec
1179 1243 1316 1278 omnia
1341 1244 1463 1279 simul
1491 1249 1745 1289 concurrant,
1768 1246 1842 1280 sci-

1055 1290 1153 1325 licet
1170 1303 1178 1325 ε

1127 1340 1166 1372 1⁰
1193 1337 1233 1372 Si
1261 1341 1385 1373 testes
1412 1338 1520 1374 inter
1557 1350 1598 1374 se
1640 1342 1711 1374 aut
1750 1351 1840 1374 cum

1056 1389 1169 1429 parte
1196 1385 1238 1419 in
1265 1396 1307 1419 re
1334 1386 1449 1431 gravi
1476 1390 1517 1421 et
1544 1397 1687 1422 causae
1730 1387 1840 1422 subs-

1056 1433 1227 1467 tantiam
1254 1432 1483 1478 attingente
1511 1434 1780 1479 dissentiant3

1127 1482 1166 1514 2⁰
1193 1480 1233 1515 Si
1260 1481 1374 1515 nulla
1399 1481 1481 1516 alia
1508 1481 1670 1517 facilior
1695 1482 1747 1516 ad
1773 1493 1838 1516 ve-

1056 1527 1221 1562 ritatem
1247 1527 1515 1573 detegendam
1550 1533 1740 1574 suppetat
1759 1530 1841 1573 via3

1127 1575 1167 1609 3⁰
1193 1575 1233 1610 Si
1261 1576 1442 1610 scandali
1470 1576 1536 1611 vel
1579 1576 1839 1612 dissidiorum

1056 1622 1280 1666 periculum
1320 1634 1399 1657 non
1438 1623 1493 1658 sit
1534 1634 1582 1658 ex
1626 1624 1842 1660 collatione

1056 1669 1440 1714 pertimescendum.

1103 1717 1204 1751 CAN.
1234 1719 1339 1752 1773.
1360 1739 1373 1743 -
1401 1722 1417 1760 ᾗ
1445 1719 1477 1752 1.
1519 1718 1699 1752 Examen
1736 1719 1783 1753 fit
1819 1730 1842 1753 a

1056 1764 1205 1805 iudice,
1234 1765 1299 1799 vel
1324 1766 1374 1800 ab
1417 1765 1505 1800 eius
1544 1765 1731 1811 delegato
1769 1770 1841 1801 aut

1055 1811 1255 1856 auditore,
1284 1813 1348 1847 cui
1376 1812 1541 1848 assistat
1575 1816 1736 1857 oportet
1772 1825 1841 1848 no·

1057 1859 1198 1894 tarius.

1105 1910 1121 1948 ᾗ
1149 1908 1181 1941 2.
1212 1907 1258 1940 111
1285 1906 1470 1941 examine
1497 1906 1840 1953 interrogationes

1057 1965 1137 1988 non
1164 1954 1213 1988 ab
1241 1953 1323 1989 alio
1350 1966 1468 1998 quam
1495 1965 1517 1989 a
1542 1955 1678 1990 iudice
1705 1955 1772 1989 vel
1790 1955 1840 1989 ab

1057 2012 1104 2036 eo
1130 2001 1199 2045 qui
1226 2001 1376 2036 iudicis
1403 2002 1535 2036 locum
1561 2005 1687 2046 tenet,
1730 2002 1843 2037 testi-

1057 2049 1132 2083 bus
1159 2048 1405 2084 deferendae
1443 2053 1550 2084 sunt.
1593 2049 1844 2094 Quapropter

1058 2095 1092 2130 si
1118 2101 1267 2140 partes,
1298 2097 1364 2131 vel
1398 2099 1604 2140 promotor
1642 2097 1840 2142 iustitiae,

1057 2143 1123 2177 vel
1151 2143 1342 2178 defensor
1368 2144 1523 2179 vinculi
1568 2144 1744 2179 examini
1783 2144 1843 2178 in-

1057 2190 1205 2226 tersint
1253 2195 1293 2225 et
1336 2202 1461 2226 novas
1504 2192 1844 2237 interrogationes

1058 2237 1154 2272 testi
1182 2238 1390 2273 faciendas
1416 2239 1606 2283 habeant,
1652 2240 1724 2274 has
1762 2250 1843 2273 non

1057 2286 1168 2326 testi,
1198 2286 1269 2321 sed
1296 2286 1423 2321 iudici
1447 2286 1513 2321 vel
1531 2286 1618 2321 eius
1636 2287 1768 2321 locum
1787 2289 1843 2321 te-

1058 2333 1171 2367 nenti
1214 2344 1437 2378 proponere
1481 2333 1644 2379 debent,
1688 2337 1734 2368 ut
1777 2344 1844 2368 eas

1058 2380 1145 2425 ipse
1173 2380 1347 2416 deferat.

1106 2427 1208 2462 CAN.
1237 2430 1343 2463 1774.
1372 2448 1385 2453 —
1412 2428 1546 2463 Testis
1572 2427 1702 2472 primo
1721 2428 1844 2462 inter-

1058 2472 1190 2520 rogari
1218 2475 1339 2511 debet
1365 2486 1444 2510 non
1471 2475 1590 2509 modo
1609 2475 1659 2510 de
1677 2485 1842 2520 genera-

1058 2522 1166 2557 libus
1193 2534 1386 2567 personae
1413 2522 1632 2567 adiunetis,
1659 2522 1734 2556 hoc
1767 2525 1841 2567 est,

1059 2569 1109 2604 de
1148 2570 1323 2613 nomine,
1365 2570 1618 2615 cognomine,
1670 2569 1843 2614 origine,

1058 2620 1204 2662 aetate,
1235 2617 1445 2662 religione,
1486 2615 1734 2661 conditione,
1778 2616 1845 2651 do-

1058 2664 1226 2704 micilio,
1256 2665 1327 2699 sed
1353 2665 1478 2699 etiam
1505 2675 1606 2709 quae
1632 2663 1712 2708 ipsi
1755 2674 1844 2698 cum

1059 2711 1242 2755 partibus
1268 2712 1311 2745 111
1338 2722 1458 2755 631183
1485 2712 1538 2746 811
1564 2711 1842 2755 11666881111ᾱο;

1059 2758 1206 2793 deinde
1234 2759 1477 2793 deferendae
1505 2762 1598 2793 sunt
1625 2758 1846 2804 interroga-

1058 2805 1191 2841 tiones
1219 2817 1320 2849 quae
1347 2817 1509 2841 causam
1552 2806 1681 2849 ipsam
1718 2806 1845 2850 respi-

1062 2853 1175 2887 ciunt
1201 2857 1241 2887 et
1260 2853 1548 2888 sciscitandum
1566 2852 1673 2887 unde
1692 2857 1734 2887 et
1752 2864 1848 2897 quo-
