1914 3083
214 94 283 127 180
666 93 754 126 Liiz.
786 93 850 125 IV.
922 92 1028 125 PARS
1056 92 1086 125 I.
1115 111 1128 116 -
1155 91 1215 126 De
1243 91 1396 126 iudiciis
1627 92 1722 127 Can.
1751 93 1846 127 1670

217 211 372 251 relam:
407 211 520 262 quod
553 224 647 249 cum
680 210 719 249 in
748 210 1054 260 episcoporum
1085 210 1363 250 electionibus
1394 210 1477 261 ipsi
1510 223 1557 250 ac
1589 212 1838 262 praedeces-

219 289 338 315 sores
374 288 523 313 eorum
564 273 857 313 consueverint
899 273 1118 321 interesse,
1159 287 1234 313 vos
1271 274 1336 313 eis
1374 274 1652 314 renitentibus
1689 281 1730 315 et
1766 290 1839 315 ex-

218 339 362 380 clusis.
407 340 458 378 ad
503 338 751 377 electionem
793 339 1024 390 procedere
1069 338 1443 390 praesumpsistis:
1490 353 1618 390 quam
1661 341 1713 380 ob
1757 341 1835 380 ho«-

219 417 299 442 non
334 403 593 445 confirmari,
630 403 704 442 sed
737 402 943 441 infirmari
979 403 1120 453 potius
1156 403 1441 453 postulabant.
1479 403 1677 443 Partibus
1711 404 1838 456 igitur

223 467 335 517 apud
384 467 536 506 Sedeln
582 466 874 517 Apostolicain
921 466 1173 513 constitutis,
1223 467 1263 505 in
1310 467 1551 506 auditorum
1596 468 1835 518 praesentia

217 537 344 571 testes
380 531 574 582 utrinque
611 530 805 582 producti
840 531 1032 570 fuerunt:
1071 536 1107 570 ct
1145 544 1291 570 eorum
1327 531 1667 582 depositionibus
1703 532 1840 584 publi-

219 595 338 642 catis,
379 608 478 646 pars
515 595 817 634 canonicorum
856 609 930 646 per
968 600 1095 634 testes
1135 608 1157 634 a
1195 609 1239 634 se
1278 596 1524 646 productos,
1566 596 1838 636 intentionem

217 673 352 705 suam,
387 660 500 711 quod
533 659 585 698 ad
617 672 690 698 eos
723 664 884 698 tantum
916 664 1125 710 spectaret
1158 659 1322 701 electio,
1358 658 1611 699 sufficienter
1643 660 1837 700 dicebant

220 736 314 763 esse
361 723 607 774 probatam:
656 723 781 762 Parte
828 723 1080 762 elericorum
1125 722 1401 762 nihilominus
1446 729 1676 771 asserente,
1724 725 1837 776 quod

220 801 295 838 per
336 787 445 826 dicta
487 787 655 826 testium
695 801 804 838 quos
847 787 1151 837 produxerant,
1192 793 1231 826 et
1274 787 1356 838 ipsi
1398 788 1677 827 assertionem
1719 802 1839 827 suam

218 852 349 903 (quod
389 851 581 890 electioni
623 851 871 903 pontificum
910 851 1113 890 interesse
1153 851 1371 901 deberent)
1413 851 1581 903 plenius
1620 852 1840 903 probavis-

219 922 332 955 sent:
370 929 445 967 per
478 929 586 967 quae
621 921 815 955 constare
850 916 1059 963 dicebant,
1097 930 1170 955 eos
1204 916 1481 955 electionibus
1516 916 1643 955 trium
1677 917 1841 968 episco-

218 993 371 1031 porum
408 980 496 1031 (qui
533 979 737 1019 ecelesiae
777 979 971 1019 Sutrinae
1010 979 1157 1018 ultimo
1196 985 1234 1019 et
1270 979 1510 1034 immediate
1549 980 1839 1032 praefuerant)

219 1058 312 1083 eunt
350 1044 566 1083 canonicis
605 1043 860 1083 ‹izatliedralis
899 1043 1101 1083 eeclesiae
1142 1044 1330 1085 affuisse.
1371 1058 1601 1096 vocemque
1640 1045 1839 1084 habuisse

219 1122 313 1148 curn
352 1108 447 1147 aliis
486 1108 685 1159 eligendi.

328 1174 416 1211 Nos
445 1172 572 1224 igitur
601 1172 820 1223 (quoniam
850 1173 1278 1223 deprehendiinas...)
1312 1174 1473 1224 ...quod
1505 1188 1579 1225 per
1609 1180 1735 1213 testes
1764 1174 1838 1213 fuit

220 1236 474 1276 sufficienter
503 1242 734 1283 ostensum,
766 1237 878 1288 quod
908 1237 949 1275 in
978 1237 1105 1276 trium
1134 1237 1437 1288 episcoporum
1466 1238 1758 1286 electionibus,
1789 1239 1839 1278 de

218 1300 373 1352 quibus
404 1301 688 1352 praemissum
716 1307 795 1348 est,
829 1300 970 1340 clerici
1001 1307 1248 1353 praesentes
1279 1301 1491 1349 affuerint,
1525 1308 1563 1341 et
1593 1315 1739 1342 vocem
1769 1303 1841 1342 ha-

218 1364 384 1404 buerint
422 1365 621 1416 eligendi,
662 1365 942 1416 praemissam
976 1365 1227 1404 electionem
1263 1367 1418 1405 factam
1455 1366 1516 1405 eis
1553 1366 1841 1406 contradicen-

220 1428 332 1468 tibus
377 1434 418 1468 et
459 1429 662 1476 exclusis,
714 1429 978 1469 decrevimus
1028 1429 1293 1477 irritandam,
1346 1430 1523 1470 clericos
1569 1430 1840 1482 saepedictos

218 1492 259 1531 in
289 1506 383 1531 eam
413 1506 534 1544 quasi
566 1493 885 1544 possessionem
916 1495 1061 1545 (quam
1092 1499 1186 1533 ante
1217 1494 1551 1534 controversiam
1581 1501 1739 1534 motam
1769 1496 1841 1534 lia-

219 1557 413 1606 buerant)
451 1558 715 1597 reducentes.

328 1620 487 1659 Verum
537 1621 741 1672 quoniam
794 1621 834 1660 in
886 1621 1133 1673 quaestione
1188 1622 1420 1673 praedicta,
1475 1623 1682 1675 quidquid
1736 1623 1840 1663 iuris

220 1689 396 1735 utraque
437 1698 538 1735 pars
576 1685 617 1723 in
655 1685 860 1724 electione
901 1687 1097 1733 habebat,
1139 1687 1365 1726 deductum
1405 1687 1446 1726 in
1487 1687 1689 1727 iudicium
1728 1688 1841 1727 vide-

219 1748 358 1795 batur,
387 1763 482 1788 cum
507 1749 596 1789 iure
623 1749 735 1788 civili
762 1750 815 1789 sit
842 1756 1025 1797 cautum,
1055 1751 1096 1790 id
1123 1751 1263 1790 venire
1293 1751 1333 1789 in
1361 1751 1564 1791 iudicium
1590 1765 1673 1791 non
1701 1752 1839 1792 solum

220 1813 271 1852 de
301 1826 386 1864 quo
415 1819 554 1852 actum
586 1819 661 1860 est,
695 1819 737 1853 ut
766 1814 939 1861 veni1·ct;
973 1815 1048 1854 sed
1079 1815 1119 1854 id
1150 1828 1233 1854 non
1264 1815 1421 1862 venire,
1455 1816 1505 1855 de
1536 1830 1620 1868 quo
1650 1816 1841 1855 nomina-

218 1876 292 1916 tim
324 1883 464 1916 actum
493 1883 572 1924 est,
608 1891 659 1917 ne
693 1878 874 1918 veniret:
911 1884 949 1918 et
983 1879 1216 1918 secundum
1250 1885 1402 1918 statuta
1437 1880 1640 1920 canonica
1674 1880 1842 1920 electio-

218 1954 293 1980 nes
331 1941 651 1992 episcoporum,
695 1942 747 1981 ad
788 1942 1095 1982 cathedralium
1136 1943 1412 1982 ecclesiarum
1455 1943 1633 1984 clericos
1674 1944 1842 1996 regula-

222 2005 321 2044 riter
349 2006 559 2056 pertinere
586 2012 830 2053 noscantur,
860 2007 940 2045 nisi
967 2007 1067 2046 alibi
1091 2021 1218 2046 secus
1246 2007 1429 2047 obtineat
1458 2009 1508 2047 de
1537 2008 1841 2047 consuetudine

220 2069 420 2121 speciali:
453 2084 528 2110 nec
558 2085 608 2110 ex
639 2084 688 2110 eo
718 2071 831 2123 quod
861 2071 1002 2111 clerici
1034 2071 1231 2111 antedicti
1261 2086 1304 2111 se
1337 2072 1442 2111 inter
1473 2072 1677 2124 eligentes
1709 2073 1842 2113 Sutri-

219 2148 297 2174 nos
336 2134 564 2186 episcopos
604 2135 891 2186 probaverunt
928 2136 1052 2175 tertio
1089 2136 1295 2182 extitisse,
1336 2137 1402 2176 ius
1443 2137 1625 2189 eligendi
1665 2143 1840 2188 propter

223 2198 471 2238 brevitatem
518 2199 723 2250 temporis
769 2213 902 2251 usque
948 2200 1000 2239 ad
1048 2200 1430 2252 praescriptionem
1476 2201 1710 2253 legitimam
1755 2214 1839 2240 non

220 2263 430 2313 producti,
470 2263 550 2303 sibi
586 2264 810 2315 adquirere
848 2270 1096 2315 potuerunt:
1137 2271 1175 2304 et
1210 2270 1351 2304 actore
1387 2278 1470 2304 non
1509 2265 1730 2316 probante,
1769 2265 1840 2318 qui

223 2327 484 2373 convenitur,
512 2333 548 2367 et
572 2328 610 2367 si
637 2329 740 2367 niliil
767 2329 1039 2380 praestiterit,
1070 2329 1296 2369 obtinebit:
1328 2330 1377 2370 ab
1407 2343 1553 2369 eorum
1580 2329 1840 2381 impetitione

221 2403 350 2441 super
385 2391 662 2432 electionibus
696 2393 905 2433 faciendis
940 2406 1015 2433 vos
1050 2393 1250 2433 duximus
1285 2394 1585 2441 absolvendos,
1625 2394 1842 2445 saepedic-

220 2454 273 2494 tis
306 2456 583 2495 ecclesiarum
616 2457 782 2497 clericis
815 2471 944 2508 super
977 2458 1056 2497 hoc
1089 2464 1342 2510 perpetuum
1376 2458 1590 2498 silentium
1623 2458 1842 2510 imponen-

221 2525 283 2558 tes
305 2534 341 2558 ».
1388 2570 1395 2576 ,

330 2585 390 2623 De
419 2585 666 2636 exceptione
696 2599 796 2625 vero
825 2587 1001 2626 canonis
1028 2586 1148 2627 testis
1176 2587 1228 2627 sit
1257 2587 1385 2639 Greg.
1418 2587 1469 2627 IX
1497 2587 1538 2626 in
1568 2600 1661 2638 cap.
1696 2589 1713 2626 1
1746 2587 1840 2626 «de

221 2649 484 2689 restitutione
519 2650 843 2701 spoliatorum»
879 2651 951 2702 (II,
990 2653 1054 2701 14)
1086 2651 1118 2690 X
1149 2651 1210 2691 sic
1242 2651 1382 2691 aiens:
1420 2667 1440 2691 «
1545 2652 1841 2703 Conquaestus

216 2718 281 2752 est
312 2713 437 2752 nobis
470 2713 685 2753 Philasius
719 2728 871 2753 coecus
905 2714 996 2754 eius
1030 2728 1228 2765 campum
1262 2715 1313 2754 ab
1349 2714 1563 2754 Ecclesiae
1598 2714 1841 2755 hominibus

221 2776 568 2816 irrationabiliter
602 2784 868 2830 occupatum.
906 2779 1029 2827 Quod
1064 2779 1098 2817 si
1134 2779 1187 2817 ita
1223 2784 1299 2825 est,
1334 2792 1593 2830 quamquam
1625 2784 1719 2818 ante
1754 2792 1841 2818 om-

221 2855 316 2880 nem
348 2841 658 2881 contentionem
692 2842 911 2894 possessio
946 2842 982 2881 ei
1012 2843 1216 2882 debuerat
1249 2843 1453 2882 violenter
1488 2843 1626 2882 ablata
1660 2842 1838 2889 restitui,

1852 0 1914 59 Ἰ
