1914 3083
185 55 254 90 290
632 56 722 90 Lm.
752 56 819 90 IV.
847 75 861 81 -
889 55 997 90 PARS
1023 56 1053 89 Ι.
1083 75 1096 80 -
1122 55 1182 90 De
1206 55 1362 90 iudiciis
1485 56 1583 92 Can.
1610 58 1816 94 1765-1'766

192 188 274 213 non
307 175 501 226 indigens
530 174 796 226 probatione,
828 180 871 213 ut
899 174 955 213 ait
984 187 1075 213 can.
1111 177 1225 221 1747,
1259 177 1311 222 1⁰,
1343 176 1407 214 uel
1436 177 1474 225 c)
1504 176 1644 215 statim
1672 189 1719 216 ac
1748 177 1813 227 fa-

191 240 268 278 cile
297 239 471 289 probari
498 238 648 290 possit,
679 238 777 289 quia
806 244 848 277 ut
876 238 1101 278 dilationes
1129 238 1324 286 vitentur,
1354 238 1433 278 fuit
1461 245 1612 280 statuta
1643 241 1808 293 regula,

191 304 255 341 rel
287 303 328 348 d)
361 307 509 352 postea
540 302 717 354 probari
751 306 945 352 nequeat,
981 302 1079 341 dum
1113 308 1288 354 propter
1320 303 1447 343 talem
1481 303 1690 344 defectum
1723 318 1815 344 ma-

193 373 359 406 nentem
386 366 535 417 repelli
564 366 732 405 deberet
763 366 895 405 testis.

291 438 393 472 2¹71.
420 438 484 472 De
516 436 735 472 citatione
772 437 961 472 testium
987 437 1051 470 cst
1078 446 1169 471 can.
1205 433 1316 471 1765.
1349 433 1500 472 (Ᾰὶἱαίιό
1529 434 1698 473 testium
1725 449 1745 473 «
1769 440 1810 473 ut

193 496 231 534 in
263 495 465 535 iudicium
495 502 811 546 compareant»
844 497 854 516 ¹
886 500 926 546 a)
955 497 1000 548 {it
1030 497 1263 536 ministerio
1295 496 1423 537 idest:
1459 497 1705 537 auctoritate
1733 512 1811 538 seu

188 573 239 598 ex
273 559 409 599 officio
442 560 591 599 iudicis
623 573 704 611 qua
738 576 757 598 «
782 559 1066 599 Moderatoris
1098 566 1288 600 actorum
1310 575 1347 608 )),
1382 561 1549 601 decreto
1582 561 1720 612 ipsius
1752 563 1815 601 ἰη-

193 625 462 672 ter-remense,
495 624 602 663 idest
631 639 651 662 «
675 624 827 664 iudicis
857 624 1200 675 pronuntiatione
1223 640 1244 664 1)
1274 624 1517 665 huiusmodi
1549 627 1658 676 (can.
1693 628 1812 674 1868,

193 688 208 731 ἓ.
237 690 294 737 2),
327 688 400 727 sed
431 702 512 727 non
545 694 640 728 sunt
670 689 710 727 in
743 688 815 727 illo
848 688 1098 727 inserendae
1131 688 1360 729 «rationes
1392 689 1546 741 quibus
1578 689 1812 730 innititur»

194 754 302 803 (can.
339 754 454 798 1840,
488 751 504 795 ἓ
533 755 589 802 3),
623 757 659 791 ei
690 753 733 799 b)
793 753 1022 792 intimanda
1055 758 1115 792 est
1145 753 1295 793 eadem
1327 754 1501 793 testibus
1533 754 1588 793 ad
1619 767 1812 794 normam

194 830 284 856 can.
320 817 559 864 1715-1723,
591 816 661 868 qui
692 817 776 856 dati
807 823 902 856 sunt
931 832 951 855 «
975 817 1024 856 de
1055 817 1251 857 citatione
1278 823 1319 857 et
1344 817 1671 857 denunciatione
1703 823 1817 859 acto-

194 895 287 919 rum
326 880 646 920 iudicialium».
689 880 853 920 Etenim
894 882 905 901 ¹
947 895 1037 920 «ea
1079 881 1218 921 omnia
1259 881 1384 933 (inter
1424 895 1531 934 quae
1570 887 1817 922 recensetur

196 959 215 982 «
241 949 382 994 partes
404 950 446 983 et
470 950 600 984 testes
626 944 753 983 citare
777 947 816 994 »)
844 944 1002 995 scripto
1027 951 1151 984 erunt
1174 945 1407 993 exaranda,
1435 951 1475 986 et
1504 946 1543 985 in
1573 946 1677 987 actis
1705 946 1816 999 ipsis

193 1009 452 1048 recensenda
476 1024 512 1048 ».

286 1079 393 1113 2⁹72.
419 1077 732 1123 Obligationes
759 1078 893 1113 citati
918 1078 1055 1114 testis
1084 1074 1221 1112 firmat
1252 1074 1539 1114 enumerando
1569 1088 1660 1114 can.
1695 1076 1813 1114 1766.

196 1137 314 1176 Alex.
343 1138 402 1176 Ill
426 1137 488 1176 sic
513 1137 743 1187 respondet
769 1137 945 1187 Papicn.
972 1137 1130 1177 electo:
1160 1153 1180 1177 «
1205 1138 1390 1190 Ideoque
1416 1139 1684 1186 mandamus,
1712 1153 1817 1191 qua-

193 1207 314 1240 tenus
345 1207 472 1240 testes
505 1202 555 1240 ab
588 1201 787 1240 alterutra
823 1202 1006 1252 partium
1038 1201 1078 1240 in
1112 1215 1212 1241 suae
1246 1202 1495 1242 assertionis
1525 1203 1816 1242 testimonium

194 1265 426 1312 invocatos,
462 1279 512 1304 ne
546 1265 765 1304 veritatem
799 1266 1021 1308 occultent,
1057 1265 1303 1317 diligentius
1337 1280 1512 1307 moneas
1545 1273 1584 1307 et
1620 1267 1813 1307 inducas.

197 1329 239 1369 Si
273 1335 415 1368 31110111
451 1329 564 1375 odio,
601 1330 665 1368 vel
702 1330 853 1381 gratia,
890 1330 955 1369 vel
990 1330 1140 1369 timore
1177 1345 1220 1370 se
1257 1331 1520 1379 subtrahant,
1557 1345 1633 1371 eos
1667 1331 1721 1372 ad
1755 1332 1818 1371 fe-

195 1394 372 1432 rendum
399 1393 686 1432 testimonium
715 1407 858 1433 coram
887 1394 1091 1445 praefatis
1119 1394 1345 1443 iudicibus,
1375 1395 1439 1434 vel
1465 1409 1614 1435 eorum
1642 1396 1814 1443 nuncio⁷

195 1471 319 1509 quem
351 1458 406 1497 ¹ad
439 1458 517 1497 hoc
551 1458 756 1505 miserint,
788 1458 1077 1498 ecclesiastica
1114 1459 1374 1499 districtione
1409 1460 1700 1511 compellas».
1738 1461 1816 1500 1113

196 1521 384 1562 veritatis
409 1522 633 1562 occultatio
658 1522 879 1574 multiplici
905 1523 1033 1562 modo
1057 1523 1148 1562 fieri
1175 1529 1326 1574 potest,
1353 1529 1396 1563 ut
1420 1524 1563 1576 palam
1588 1531 1663 1572 est,
1691 1531 1818 1577 atque

197 1585 237 1624 in
263 1585 296 1629 ἕο
319 1588 361 1625 20
386 1586 511 1625 huius
537 1587 713 1626 canonis
739 1586 911 1638 patebit.

302 1650 418 1689 Idem
449 1650 574 1690 etiam
605 1651 802 1691 Pontifex
834 1652 1022 1692 Genuen.
1057 1652 1393 1704 Archiepiscopo
1424 1653 1531 1693 hanc
1562 1654 1688 1693 tradit
1720 1667 1818 1693 nor-

196 1727 329 1754 mam:
369 1731 387 1753 «
411 1715 569 1754 Verum
603 1715 635 1753 si
670 1729 752 1754 non
784 1721 848 1755 est
881 1715 1094 1755 notorium
1129 1716 1336 1767 (factum),
1370 1722 1411 1756 et
1444 1717 1479 1757 is
1514 1718 1584 1769 qui
1620 1723 1817 1758 conveni-

195 1783 276 1824 tur,
306 1778 463 1817 sactum
492 1779 723 1830 negaverit,
753 1785 880 1819 testes
908 1779 979 1831 qui
1008 1779 1287 1820 interfuerunt
1314 1781 1442 1828 facto,
1472 1781 1671 1821 monendi
1698 1788 1815 1829 sunt,

196 1855 276 1881 non
306 1842 484 1893 cogendi
508 1843 563 1882 ad
587 1843 809 1882 ferendum
835 1844 1122 1884 testimonium
1148 1845 1361 1885 veritati...
1392 1846 1506 1885 Licet
1533 1847 1585 1885 ad
1613 1847 1692 1886 hoc
1719 1860 1818 1898 pas-

197 1906 276 1945 sim
306 1907 468 1958 possint
500 1908 550 1946 de
581 1908 685 1946 iuris
716 1908 887 1947 humani
918 1908 1060 1961 rigore
1091 1909 1348 1960 compelli».
1383 1909 1501 1959 Quae
1533 1911 1817 1962 compellendi

196 1970 376 2009 facultas
412 1971 600 2022 implicat
634 1972 805 2011 iubendi
841 1972 945 2012 illud
981 1973 1287 2013 auctoritatem.

302 2035 402 2073 lnde
429 2034 446 2078 ἓ
476 2038 491 2073 Ι
524 2036 789 2086 praescribit.
824 2037 974 2085 Testis,
1005 2050 1078 2076 seu
1109 2052 1129 2075 «
1152 2038 1205 2077 ad
1231 2038 1456 2078 serendum
1482 2039 1772 2079 testimonium
1795 2054 1817 2078 »

194 2099 269 2137 ritc
301 2098 431 2138 idest:
466 2098 581 2138 iuxta
614 2113 798 2140 canones
830 2101 1132 2151 praecedentes
1163 2102 1312 2141 citatus
1346 2103 1694 2155 quotiescumque
1727 2103 1819 2143 sue-

195 2163 261 2209 rit,
297 2166 337 2210 a)
370 2177 521 2215 parere
556 2164 699 2212 iudici,
736 2178 886 2216 nempe
922 2179 1065 2205 coram
1097 2179 1149 2205 eo
1179 2180 1227 2206 se
1264 2166 1411 2206 sistere
1447 2180 1495 2207 ac
1529 2168 1818 2208 testimonium

195 2227 444 2278 requisitum
481 2228 591 2267 serre
631 2229 767 2277 debet,
807 2234 875 2269 aut
913 2230 957 2280 b)
996 2243 1168 2269 causum
1206 2244 1308 2270 suae
1346 2232 1578 2279 absentiae,
1620 2246 1693 2272 seu
1732 2246 1816 2284 qua

194 2290 515 2341 proportionata
545 2299 772 2332 excusetur
803 2294 853 2334 ab
887 2294 1124 2334 obedientia
1159 2295 1286 2334 iudici
1318 2302 1492 2347 propter
1525 2296 1817 2336 auctoritatem

196 2353 335 2400 huius,
372 2358 512 2394 notam
546 2356 686 2406 facere
722 2357 844 2397 debet
878 2358 1005 2397 modo
1041 2358 1120 2397 sibi
1155 2359 1372 2398 beneviso.
1410 2359 1696 2412 proindeque,
1732 2360 1815 2399 nisi

193 2416 368 2456 evidens
395 2417 447 2456 sit
473 2418 654 2458 iudicem
682 2420 723 2458 in
751 2420 918 2460 citando
946 2420 1210 2461 commisisse
1239 2421 1418 2461 abusum
1447 2423 1647 2474 propriae
1675 2429 1819 2463 aucto-

194 2480 344 2527 ritatis,
378 2494 512 2521 canon
540 2488 601 2521 est
635 2484 941 2524 observandus.

301 2544 317 2587 ἓ
352 2547 386 2583 ’3.
426 2546 489 2584 Ob
526 2545 677 2586 iudicis
713 2548 1004 2588 auctoritatem
1039 2549 1254 2600 publicam
1288 2556 1461 2590 vocatur
1499 2552 1633 2591 Testis
1673 2552 1818 2591 inobe-

195 2608 328 2654 dim,
368 2614 490 2660 “tique
523 2618 824 2650 enumerantur
858 2613 987 2660 modi,
1025 2614 1097 2664 qui
1131 2628 1281 2664 nempe
1316 2613 1435 2653 «rite
1471 2614 1680 2663 citatus»,
1718 2629 1815 2654 nam

195 2672 411 2712 subditur:
447 2673 536 2711 sine
571 2674 757 2724 legitima
791 2689 934 2723 causa,
968 2690 1076 2727 quae
1110 2677 1284 2727 respicit
1317 2678 1525 2717 defectum
1558 2678 1739 2730 legalem
1773 2679 1814 2717 in

194 2806 223 2839 p
266 2759 305 2839 Fl
336 2759 533 2841 Insgrg-S.
571 2763 612 2794 Γ.
651 2761 699 2795 (le
743 2763 857 2806 Prop.
900 2763 1021 2797 Fide:
1064 2766 1167 2809 1583,
1210 2776 1248 2799 n.
1279 2766 1312 2809 93
1350 2765 1605 2800 Collectanea
1634 2766 1671 2801 S,
1701 2767 1742 2801 (¹.
1771 2767 1822 2802 de

229 2832 236 2839 .
301 2817 378 2840 .n.
430 2819 450 2840 ο
484 2818 511 2841 ι.
