1914 3083
156 32 225 67 456
605 27 695 60 Llss.
724 25 792 59 IV.
821 44 834 49 -
860 24 969 57 PARS
997 22 1027 56 Ι.
1056 41 1070 47 -
1097 20 1154 55 De
1182 19 1337 54 iudiciis
1568 17 1664 52 Can.
1693 14 1790 51 1935

156 78 1784 100 —-.---—--———————-———-—-—-——-—-

163 151 302 190 nullus
343 149 412 200 qui
454 148 505 186 sit
542 159 672 185 sanae
713 143 864 183 mentis
904 142 1086 194 ignorat,
1129 139 1229 192 quin
1269 140 1324 179 ad
1366 138 1548 178 officium
1588 143 1782 176 nostrum

161 221 316 267 spectet
349 214 402 252 de
435 223 703 263 quocumque
737 207 904 247 mortali
940 211 1113 257 peccato
1145 203 1363 255 corripere
1396 203 1627 254 quemlibet
1662 201 1784 241 Chri-

157 280 365 319 stianum:
405 282 443 315 et
480 275 516 314 si
557 273 863 314 correctionem
900 268 1216 320 contempserit,
1258 281 1333 319 per
1369 266 1678 307 districtionem
1713 279 1783 305 ec-

163 342 441 383 ‹jtlesiastirain
475 351 729 378 coercere».
767 336 890 385 Quod
925 334 1283 374 animadvertatur
1316 331 1373 371 uti
1408 331 1497 370 iure
1527 330 1782 377 admissum,

162 407 274 459 quod
316 406 353 444 in
397 403 607 455 capitibus
647 402 706 441 ΙΙΙ
747 407 787 440 ct
827 401 884 440 IV
924 399 1049 439 huius
1088 398 1214 438 Tituli
1254 397 1515 437 enucleatur.
1558 395 1693 447 Atque
1737 395 1780 435 S.

165 471 357 510 Pontifex
400 469 507 508 infra
550 467 683 519 inquit
723 480 805 505 non
848 463 1281 517 praetermittendum.
1326 461 1484 501 «Licet
1522 466 1663 500 autem
1702 460 1783 499 hoc

162 536 287 575 inodo
329 533 558 585 procedere
600 531 818 571 valeamus
855 543 985 580 super
1027 528 1215 580 quolibet
1256 526 1465 567 criminali
1506 531 1695 577 peccato,
1738 530 1785 564 ut

165 606 428 652 peccatorem
461 610 712 646 revocemus
742 609 763 634 a
799 594 898 634 vitio
929 593 983 632 ad
1019 593 1229 639 virtutem,
1266 592 1335 639 (ab
1367 603 1513 630 errore
1549 590 1600 629 ad
1633 589 1784 629 verita-

164 668 278 713 tem),
316 662 545 714 praecipue
583 674 677 700 curn
713 664 857 699 contra
895 672 1042 710 pacem
1079 661 1292 708 peccatur,
1330 669 1438 707 quae
1472 660 1535 694 est
1571 654 1788 693 vinculum

167 727 383 768 charitatis
405 742 441 766 )).

273 792 392 831 Alex.
432 791 491 830 ΙΙΙ
529 790 583 829 ait
623 787 889 829 Salernitano
927 786 1142 839 Episcopo
1181 787 1217 825 ¹:
1258 800 1278 823 «
1303 784 1363 824 De
1400 789 1539 824 cetero
1575 783 1708 823 laicos
1744 783 1787 822 in

162 856 478 897 accusationem
508 854 573 893 vel
602 851 890 893 testimonium
921 856 1064 891 contra
1097 848 1312 897 clericum,
1344 848 1384 887 in
1418 847 1626 888 criminali
1657 860 1785 887 causa

165 934 248 961 non
289 933 383 959 esse
428 919 696 970 aliquatenus
736 915 1038 961 admittendos,
1086 927 1263 954 censura
1307 926 1530 953 sacrorum
1575 925 1787 952 canonum

164 984 430 1025 manifestius
462 977 633 1022 edocet:
673 981 763 1021 Nisi
799 981 906 1019 forte
940 993 1063 1019 suam
1097 979 1161 1017 vel
1197 991 1372 1018 suorum
1408 977 1605 1017 iniuriam
1641 990 1790 1028 prose-

164 1055 360 1101 quantur.
404 1049 489 1087 Nec
526 1053 624 1086 tunc
662 1046 790 1086 etiam
829 1045 881 1084 ad
921 1044 1223 1090 testimonium,
1266 1044 1338 1082 sed
1379 1043 1431 1082 ad
1469 1042 1787 1082 accusationem

166 1119 345 1164 possunt
374 1111 534 1152 admitti
559 1126 595 1157 »⁷
629 1124 736 1162 quae
768 1123 877 1148 nunc
909 1108 1074 1149 sublata
1104 1108 1182 1147 fuit
1213 1121 1287 1159 per
1317 1106 1529 1147 iudicialis
1559 1106 1791 1146 denuncia-

164 1177 291 1217 tionis
328 1176 647 1216 concessionem
686 1173 939 1227 generaliter
979 1172 1232 1224 permissam
1272 1178 1446 1223 propter
1485 1171 1682 1210 iniuriam
1720 1171 1788 1209 vel

170 1242 370 1282 damnum
401 1245 632 1290 receptum.

274 1306 424 1355 Quoad
453 1305 643 1345 studium
675 1318 774 1343 vero
805 1303 987 1343 iustitiae
1022 1302 1206 1342 sufficiat
1239 1301 1455 1341 Deodatus
1487 1301 1604 1352 Papa
1635 1300 1698 1340 sic
1727 1300 1793 1340 di-

171 1385 268 1410 cens
299 1371 336 1410 ²:
370 1384 391 1409 «
416 1370 458 1409 Si
490 1368 698 1408 Dominus
728 1374 764 1407 et
794 1367 999 1419 Magister
1030 1366 1233 1413 omnium,
1267 1366 1337 1418 qui
1368 1365 1459 1405 sine
1491 1370 1664 1416 peccato
1694 1364 1792 1411 fuit,

169 1435 396 1475 accusandi
437 1433 650 1473 licentiam
690 1433 759 1471 uni
802 1431 973 1471 dedit».
1018 1431 1067 1470 Et
1104 1430 1163 1470 ait
1205 1430 1381 1470 Glossa:
1427 1444 1447 1468 «
1473 1429 1585 1475 [uni]
1630 1429 1790 1469 scilicet

175 1499 329 1538 Iudaeo
353 1497 698 1544 sceleratissimo,
726 1510 820 1536 cuin
845 1495 971 1535 dixit:
1001 1495 1043 1535 Si
1065 1494 1180 1534 enim
1205 1494 1314 1534 male
1339 1494 1506 1533 locutus
1532 1506 1639 1540 sum,
1664 1498 1744 1532 etc.
1770 1507 1794 1531 »

170 1563 304 1614 Atque
344 1561 555 1601 concludit
596 1561 738 1612 Papa:
782 1561 920 1600 «Non
960 1559 1088 1611 igitur
1130 1558 1365 1598 catholicus
1401 1564 1466 1597 est
1505 1557 1790 1608 respuendus,

171 1628 244 1667 sed
270 1633 313 1666 ut
339 1627 557 1666 veritatem
580 1631 746 1665 asserat
773 1625 824 1664 ad
854 1624 1165 1676 propalandam
1189 1623 1471 1663 simoniacam
1498 1622 1675 1669 rabiem,
1703 1636 1794 1661 ma-

172 1691 267 1743 gnis
294 1696 358 1729 est
384 1690 587 1742 precibus
614 1689 860 1728 exorandus
883 1702 919 1726 ».

276 1754 292 1798 ἓ
326 1755 350 1793 2
385 1754 493 1793 ultra
529 1753 792 1805 praedictam
827 1752 1154 1803 permissionem
1187 1765 1233 1790 se
1271 1749 1451 1802 porrigit
1485 1750 1548 1790 sic
1584 1749 1797 1803 praescri—

170 1820 287 1859 bens.
324 1820 412 1858 Itno
449 1818 652 1869 obliqatio
688 1816 1025 1856 denunciationis
1060 1816 1204 1856 forsan
1243 1815 1455 1855 iudicialis
1487 1828 1540 1854 eo
1575 1815 1687 1867 quod
1721 1815 1795 1854 de-

173 1883 325 1923 serviet
358 1883 410 1922 ad
442 1882 737 1921 instruendum
772 1880 989 1920 criminale
1024 1880 1227 1919 iudicium
1262 1885 1383 1931 urget
1416 1893 1511 1919 cum
1543 1879 1662 1931 gravi
1694 1893 1797 1918 con-

173 1947 372 1987 scientiae
404 1946 662 1998 obligatione
695 1945 1042 1996 quotiescumque
1074 1944 1128 1982 σᾶ
1160 1944 1200 1983 id
1228 1957 1433 1995 expresse
1465 1944 1558 1994 quis
1590 1942 1793 1995 adigyitur.

176 2018 215 2051 ut
245 2011 579 2062 comprehensus
609 2014 648 2061 a)
679 2011 767 2049 sire
798 2010 890 2061 [cqc
917 2008 1222 2055 ecclesiastica,
1254 2022 1291 2047 v.
1324 2022 1387 2061 gr.
1421 2022 1513 2047 can.
1545 2010 1621 2047 904
1652 2022 1671 2047 «
1695 2021 1797 2058 poe—

174 2075 309 2115 nitens
337 2075 615 2121 sacerdotem,
644 2087 763 2113 reum
790 2073 931 2113 delicti
955 2072 1270 2112 sollicitationis
1299 2072 1341 2111 in
1366 2072 1652 2119 confessione,
1684 2072 1792 2111 intra

173 2153 360 2179 mensem
396 2138 643 2178 denuntiare
680 2138 759 2177 loci
799 2137 1042 2183 Ordinatio,
1081 2137 1145 2176 vel
1184 2137 1338 2176 Sacrae
1376 2136 1708 2188 Congr-egationi
1748 2136 1792 2176 S.

175 2203 309 2243 Officii
333 2218 368 2250 »‚
408 2204 471 2242 vel
503 2203 546 2252 b)
580 2202 801 2253 peculiari,
838 2201 1000 2241 ratione
1037 2215 1317 2252 personarum
1354 2201 1508 2252 quibus
1544 2201 1797 2240 determina—

175 2267 226 2307 tis
259 2268 395 2314 datur,
432 2267 619 2318 legitimo
655 2272 829 2317 propter
862 2266 1153 2306 auctoritatem
1184 2271 1225 2305 et
1257 2266 1430 2305 modum
1464 2265 1638 2305 ferentis
1672 2265 1795 2311 illud.

173 2335 416 2381 praecepto,
451 2332 538 2370 sire
570 2334 607 2381 c)
640 2346 691 2370 cr
723 2332 816 2381 ipsa
849 2331 1031 2370 naturali
1064 2331 1171 2382 Iege,
1205 2344 1313 2382 quae
1345 2330 1472 2369 talem
1506 2329 1796 2369 denunciatio-

175 2407 268 2433 nem
301 2394 477 2445 requirit
511 2394 797 2433 necessariam
830 2395 882 2434 ob
914 2393 1015 2446 „fidei
1046 2394 1100 2433 ab
1135 2393 1360 2433 haereticis
1390 2393 1698 2433 seminantibus
1729 2406 1798 2432 er—

177 2471 294 2497 rores
327 2459 389 2497 rel
420 2458 638 2509 religionis
674 2459 723 2497 ab
757 2459 856 2506 illis,
892 2458 962 2510 qui
994 2458 1323 2509 superstitiones
1355 2458 1596 2498 diffundunt
1627 2458 1692 2497 vel
1725 2471 1798 2498 res

174 2535 319 2561 sacras
356 2523 596 2573 profanant,
636 2524 873 2573 periculum
911 2523 1251 2574 praecavendum
1287 2529 1357 2562 aut
1394 2523 1673 2562 auferendum
1708 2523 1797 2562 effi—

174 2585 341 2632 caciter,
381 2586 444 2624 ccl
478 2586 595 2624 uliud
633 2587 854 2626 imminens
892 2577 1096 2626 adversus
1134 2587 1383 2633 Ecclesiam,
1422 2587 1487 2626 vel
1525 2587 1690 2626 civil-em
1725 2600 1796 2627 so-

173 2649 364 2689 cietatem
400 2650 618 2700 publicum
655 2650 695 2688 in
729 2652 884 2690 effectu
922 2652 1094 2691 malum.
1135 2652 1417 2701 Quandonam
1455 2651 1548 2703 ipsa
1588 2651 1797 2691 naturalis

278 2738 286 2758 ¹
316 2737 410 2781 Cap.
440 2738 484 2771 14
513 2753 528 2767 «
546 2737 596 2771 de
623 2738 797 2772 testibus
824 2742 865 2772 et
891 2738 1226 2773 attestationibus
1244 2754 1260 2769 »
1295 2740 1360 2783 (ΙΙ,
1390 2741 1448 2783 20)
1478 2740 1524 2773 X.
1552 2760 1597 2764 ——
1623 2740 1637 2761 2
1662 2739 1756 2784 Cap.
1779 2741 1803 2775 3

177 2802 184 2814 ‹
205 2786 264 2820 De
293 2784 465 2819 simonia
492 2788 530 2818 et
558 2796 607 2819 ne
634 2785 794 2829 aliquid
820 2797 892 2829 pro
919 2786 1202 2830 spiritualibus
1233 2786 1448 2831 exigatur»
1479 2787 1538 2831 (V,
1567 2787 1604 2832 3)
1629 2787 1678 2821 X.

1875 0 1914 134 1
