1914 3083
224 60 292 93 172
674 58 762 91 Lm.
792 57 859 91 IV.
888 77 901 81 -
929 56 1037 89 PARS
1064 55 1094 89 Ι.
1123 75 1137 79 -
1164 54 1222 88 De
1247 54 1404 88 ‘Iudiciis
1634 51 1729 87 Can.
1758 51 1852 87 1665
1899 62 1914 96 ’Ξ

333 177 450 216 Hauc
495 175 766 226 disciplinam
808 175 860 213 ad
903 174 1043 213 omnia
1084 173 1312 213 tribunalia
1357 172 1659 219 ecclesiastica,
1703 172 1844 224 quoad

227 248 526 293 procuratores
566 240 723 291 pariter
763 244 801 278 et
841 239 1070 278 advocatos
1109 238 1294 277 extendit
1333 238 1493 277 Codex.
1536 237 1552 280 ἓ
1592 240 1626 276 1.
1673 237 1847 277 Vetalur

226 320 299 357 per
340 306 449 344 hunc
492 317 698 343 canonem
740 307 930 354 uterque,
975 301 1104 342 idest:
1152 302 1426 341 «advocatus
1469 307 1507 340 et
1548 307 1845 352 procurator»

225 372 334 419 (can.
368 370 482 410 1004,
512 367 529 411 ἓ
560 370 597 417 1)
626 368 664 406 in
694 367 882 419 quolibet
908 366 1107 406 tribunali
1135 366 1441 413 ecclesiastico,
1474 369 1513 417 a)
1545 381 1682 405 emere
1713 367 1842 413 litem,

224 433 439 473 videlicet:
478 438 599 483 pacta
635 431 813 483 pecunia
850 430 1050 483 proprias
1083 431 1223 470 facere
1257 444 1326 469 res
1359 430 1496 470 adhue
1531 430 1741 482 litigiosas
1776 436 1847 469 aut

224 498 315 537 iura
355 497 491 537 adhuc
531 502 819 543 controversa,
860 509 954 535 «ne
993 495 1172 535 aetionis
1211 494 1423 535 iudicialis
1459 500 1582 546 turpe
1623 494 1695 534 fiat
1734 507 1846 534 com-

223 561 476 601 mercium...
516 563 528 582 ¹
567 560 668 600 Inde
704 560 813 607 fluit,
852 559 1113 611 prohibitum
1148 572 1232 598 non
1267 572 1363 599 esse
1401 559 1549 598 cedere
1585 558 1727 606 alicui,
1763 559 1843 599 etsi

223 626 443 672 advocato⁷
475 638 628 664 causas
657 625 743 664 sive
775 624 977 671 actiones⁷
1010 624 1180 675 quando
1211 623 1281 663 fiat
1312 637 1362 663 ex
1393 623 1534 675 aliqua
1567 623 1841 675 obligatione,

222 696 322 742 puta
352 703 401 729 cx
430 695 693 729 testamento.
722 689 787 728 vel
816 688 964 728 cedere
993 702 1145 727 causas
1174 688 1346 727 omnino
1374 687 1574 739 liquidas,
1605 702 1655 728 ex
1685 701 1748 740 gr.
1779 702 1844 728 oe—

223 755 321 794 dere
351 754 555 794 creditum
583 754 696 805 quod
726 753 817 804 ipse
845 753 1010 792 debitor
1038 753 1261 792 confessus
1290 758 1351 791 est
1374 767 1410 792 )›.
1444 752 1712 803 Reprobatur
1741 765 1844 804 quo-

221 833 301 871 que
341 825 553 870 «pactum
591 819 640 857 dc
681 817 890 869 palin-ario
929 819 1096 868 (nempe
1135 816 1335 856 victoriae
1375 816 1510 867 gratia
1551 816 1716 866 initum)
1755 821 1840 863 aut,

221 889 503 934 prosequente
544 896 719 922 canone.
760 883 842 921 sibi
881 898 900 919 «
924 882 1130 921 advocato
1169 887 1207 920 et
1246 880 1556 932 procuratori»
1595 881 1639 931 b)
1678 881 1728 920 cle
1769 881 1844 920 im-

220 949 386 987 modico
424 961 496 987 ¹seu
532 947 872 987 extraordinario
909 947 1192 986 emolumento
1229 947 1336 985 ultra
1373 953 1515 985 taxam
1552 946 1736 985 debitam
1771 946 1843 985 tri-

221 1012 388 1052 buendo
419 1026 439 1051 a
472 1018 606 1063 parte,
639 1012 703 1051 rel
732 1014 770 1061 c)
801 1012 861 1051 rci
893 1012 1103 1063 Iitigyiosae
1134 1015 1253 1061 purte
1287 1011 1510 1058 sinclicata,
1544 1011 1656 1062 quod
1689 1010 1841 1050 dicitur

220 1077 260 1115 in
294 1077 388 1115 soro
423 1082 636 1127 «pactum
670 1076 720 1115 de
754 1081 882 1127 quota
916 1075 1044 1115 litis»
1078 1075 1119 1114 in
1156 1089 1255 1115 casu
1289 1076 1505 1123 victoriae,
1543 1081 1686 1126 utpote
1720 1089 1842 1127 prae-

219 1141 349 1180 mium
392 1141 599 1180 rindicala
643 1141 803 1190 pacisci
845 1154 940 1179 cum
983 1146 1116 1191 parte,
1163 1146 1256 1179 ante
1299 1140 1414 1179 litem
1457 1146 1734 1179 contestatam
1775 1139 1840 1179 vel

220 1210 381 1256 postea.

348 1269 437 1308 Hoc
485 1269 797 1320 praescriptum
842 1269 1055 1321 respicere
1101 1269 1259 1308 honuni
1306 1268 1523 1319 publicum
1569 1268 1751 1308 iustitiae
1798 1269 1838 1307 in

218 1337 312 1373 toro
347 1334 573 1381 cavendae,
609 1334 791 1373 ostendit
824 1333 841 1376 ξ
872 1335 910 1381 ’2,
946 1334 1046 1373 dum
1080 1333 1159 1373 ait:
1197 1334 1314 1383 Quae
1349 1339 1558 1385 «pacta»
1595 1333 1838 1386 supradicta

219 1398 385 1450 singula
413 1400 450 1437 si
474 1398 666 1449 fecerint,
696 1398 753 1437 uti
780 1398 905 1437 vetita
933 1404 1042 1445 sunt,
1072 1401 1113 1449 a)
1141 1399 1255 1437 nulla
1284 1403 1344 1437 cst
1371 1399 1510 1449 pactio
1539 1398 1577 1437 vi
1606 1398 1732 1438 huius
1759 1398 1840 1438 sal-

216 1470 299 1503 tem
330 1463 519 1510 canonis,
554 1476 602 1502 ac
632 1463 811 1516 proinde
842 1463 957 1503 nulla
989 1462 1194 1515 obligatio
1226 1463 1303 1502 etsi
1334 1477 1385 1503 ex
1417 1463 1674 1503 conscientia
1706 1463 1839 1503 oritur

218 1528 258 1566 in
290 1528 455 1573 cliente,
488 1528 559 1579 qui
590 1528 805 1567 consensit
835 1527 876 1567 in
907 1527 1027 1575 illud,
1061 1533 1097 1567 et
1128 1529 1187 1578 h),
1220 1534 1263 1567 ut
1294 1533 1495 1580 urgeatur
1528 1528 1839 1579 praescriptum

216 1592 257 1631 in
292 1592 473 1644 singulis
508 1592 693 1640 casibus,
729 1592 980 1633 disiunctix'e
1014 1607 1038 1632 α
1074 1593 1210 1633 iudice
1247 1599 1508 1643 competente
1545 1598 1583 1632 et
1618 1598 1839 1632 exercente

217 1657 258 1695 in
286 1656 402 1695 illam
430 1656 691 1708 singularem
720 1656 849 1705 litem,
881 1657 945 1696 rel
971 1658 1024 1697 ab
1055 1657 1280 1697 Ordinario
1310 1657 1425 1697 illius
1452 1656 1549 1705 loci,
1580 1657 1651 1709 qui
1680 1670 1839 1709 suppo-

215 1719 326 1759 nitur
364 1734 533 1772 quoque
571 1720 774 1772 proprius
812 1721 863 1760 ad
902 1734 1096 1760 normam
1135 1735 1226 1760 can.
1266 1724 1331 1769 94,
1371 1721 1388 1765 ἓ
1429 1724 1464 1769 1,
1504 1721 1568 1760 vel
1607 1721 1837 1773 Superiore

216 1785 375 1824 maiore
408 1785 630 1837 religionis
663 1785 873 1825 clericalis
907 1792 1142 1837 exemptae7
1179 1785 1213 1825 si
1248 1786 1341 1826 huic
1377 1785 1625 1826 subiiciatur
1659 1786 1838 1826 advoca-

216 1855 282 1889 tus
309 1849 374 1887 vel
401 1855 669 1901 procurator,
698 1854 895 1900 poterunt
924 1849 964 1888 hi
993 1856 1168 1902 propter
1196 1850 1300 1889 illud
1330 1851 1441 1901 pacti
1471 1850 1670 1890 delictum
1699 1864 1837 1902 poena

218 1913 391 1965 proprie
416 1913 528 1953 dicta
555 1914 803 1964 pecuniaria
827 1920 868 1953 et
895 1913 1013 1966 gravi
1041 1914 1250 1963 mulctari,
1278 1915 1330 1954 de
1356 1914 1513 1966 quibus
1540 1914 1709 1955 mulctis
1737 1914 1836 1955 alibi

216 1978 465 2028 disponetur
493 1978 598 2025 iure,
628 1991 778 2029 nempe
806 1978 920 2018 iuxta
950 1992 1040 2018 can.
1070 1981 1189 2026 2297,
1219 1979 1324 2018 hanc
1356 1995 1375 2017 «
1400 1979 1616 2019 Ordinarii
1645 1979 1836 2019 locorum

215 2055 392 2093 erogare
429 2042 582 2081 debent
619 2042 658 2081 in
699 2042 795 2093 pios
834 2056 993 2082 usus».

324 2107 604 2158 Prosequitur
649 2121 785 2147 canon
831 2107 913 2148 sic:
963 2108 1209 2155 advocatus,
1258 2114 1433 2159 propter
1478 2109 1679 2148 delictum
1723 2110 1833 2160 pacti

214 2177 357 2210 contra
393 2170 419 2214 ξι
455 2170 486 2210 111
519 2171 706 2219 vetitum,
743 2176 963 2223 praetcrea
998 2172 1127 2213 idest:
1166 2173 1273 2212 ultra
1310 2173 1519 2224 pactionis
1552 2172 1678 2213 huius
1712 2173 1836 2213 nulli-

215 2241 339 2274 tatein
372 2242 409 2275 et
439 2236 638 2275 mulctam
670 2237 976 2287 pecuniariam,
1012 2251 1078 2277 «a
1110 2237 1247 2277 iudice
1277 2238 1342 2276 vel
1373 2238 1424 2277 ab
1458 2237 1687 2278 Ordinario
1720 2244 1835 2290 pote-

213 2299 307 2339 rit»
345 2303 385 2346 a)
422 2305 507 2339 tum
543 2301 595 2339 ab
632 2301 774 2353 officio
812 2301 1092 2341 «advocati»
1128 2302 1333 2352 suspendi
1370 2301 1566 2353 equidem
1603 2303 1698 2342 «ad
1733 2308 1835 2342 tem-

214 2376 293 2413 pus
315 2378 336 2403 ))
370 2370 409 2402 ut
446 2365 498 2403 sit
531 2378 667 2416 poena
702 2365 954 2405 vindicativa
991 2367 1099 2415 (can.
1135 2368 1254 2413 2291,
1292 2368 1387 2416 100),
1424 2380 1551 2418 quam
1585 2366 1834 2418 interpreta-

213 2427 368 2466 tionem
406 2428 685 2467 restrictii‘am
722 2429 871 2468 suadet
906 2430 1052 2477 altera,
1091 2443 1198 2481 quae
1236 2431 1447 2482 sequitur:
1487 2431 1530 2480 b)
1567 2435 1653 2470 lum
1690 2431 1831 2479 etiam,

214 2491 287 2530 sed
315 2491 393 2530 hoc
423 2493 459 2531 si
487 2493 696 2532 recidit-ux
728 2495 780 2532 sit
811 2494 983 2546 proprie
1014 2495 1065 2533 ad
1095 2508 1288 2534 normam
1318 2509 1408 2534 can.
1440 2497 1558 2542 2208,
1591 2494 1608 2538 ἓ
1640 2498 1675 2543 1,
1707 2495 1832 2535 desti-

214 2556 272 2594 tui
303 2569 384 2606 qua
413 2556 661 2604 advocatus7
694 2557 748 2596 ita
779 2564 822 2597 ut
851 2558 930 2598 hoe
960 2572 1133 2598 munere
1163 2558 1204 2597 in
1235 2565 1487 2610 perpetuum
1517 2573 1601 2599 non
1630 2560 1832 2612 fungatur

212 2623 248 2657 ct
280 2620 413 2667 ululo,
449 2620 721 2671 15›otiusqualn
753 2622 1011 2670 academico,
1047 2623 1239 2662 advocati
1270 2624 1489 2675 recognito
1523 2623 1828 2671 auctoritative,

311 2755 319 2775 ¹
349 2754 452 2788 Clar.
484 2755 598 2789 Card.
617 2757 736 2801 cha.
756 2757 1055 2792 l'raelectiones
1070 2758 1110 2791 in
1127 2758 1295 2792 Textum
1314 2759 1345 2792 Ι.
1363 2760 1457 2793 Can.
1475 2760 1505 2803 Ι,
1522 2770 1561 2793 n.
1584 2761 1664 2805 111,
1683 2760 1717 2804 1)
1734 2760 1768 2805 2)
1784 2760 1834 2805 3).

1912 2382 1914 2396 l

1912 2400 1914 2407 v
