1914 3083
159 73 228 108 210
596 71 685 104 Lm.
715 70 782 103 lv.
811 89 824 94 -
854 69 960 103 PARS
987 70 1017 103 I.
1050 89 1063 94 -
1092 69 1149 103 De
1176 69 1330 103 indietis
1567 69 1662 104 Can.
1692 0 1886 121 1691']

158 191 285 231 ctiam
315 191 390 231 rei.
423 190 455 228 si
489 189 589 241 quid
621 195 761 240 petere
792 188 986 234 voluerit,
1017 194 1081 227 est
1111 187 1152 226 in
1183 188 1278 239 ipcso
1307 188 1393 228 litis
1420 189 1599 229 exordio
1632 189 1777 241 petitio

158 258 368 304 facienda,
405 257 490 297 sive
523 256 563 295 in
599 256 783 307 scripti&
818 256 904 295 sive
936 255 1066 295 verbo
1101 258 1161 305 (ut
1192 269 1323 307 super
1354 255 1510 308 quihus
1542 256 1779 308 positiones

156 330 195 362 et
228 322 390 361 articuli
425 321 599 360 formari
633 320 826 360 debeant.
862 319 995 370 possit
1029 320 1174 361 haberi
1208 320 1373 371 plenior
1408 321 1629 368 certitudo,
1661 327 1701 361 et
1733 328 1777 361 ut

161 389 228 427 iiat
262 387 462 427 deffinitio
496 386 669 436 clarior)
702 385 926 424 inscrenda
949 399 985 424 )).

266 452 455 490 .Xtta111en
492 450 619 502 Greg.
657 449 708 488 IX
742 465 761 487 «
786 449 836 489 de
870 448 1133 500 rescriptis»
1170 449 1220 499 (Ι,
1253 451 1297 500 3)
1331 449 1373 488 in
1405 451 1461 497 6⁰,
1498 450 1575 490 sub
1611 450 1774 490 initium

157 516 307 566 sapitis
334 517 358 553 :3
386 515 487 553 haec
516 514 663 554 habet:
696 529 716 552 «
740 513 974 564 Dispendia
1003 513 1139 553 litium
1168 514 1393 566 aequitatis
1422 515 1675 566 compendio
1703 529 1775 554 vo-

154 581 301 627 lentes,
335 593 416 632 qua
449 592 678 631 possumus
709 578 914 618 industria
948 584 1224 626 coarctare»,
1257 578 1361 619 haec
1391 578 1501 619 infra
1533 578 1771 619 constituit:

156 662 175 683 «
200 645 313 684 Reus
343 657 512 696 quoque
547 644 580 683 si
611 643 761 682 eodem
790 642 970 682 durante
1003 642 1176 690 iudicio,
1211 648 1397 683 actorem
1429 642 1509 683 sibi
1542 643 1775 684 obnoxium

155 708 321 756 dixerit,
359 707 698 747 reconventionis
734 706 941 746 beneficio
975 706 1041 746 vel
1074 706 1369 747 conventionis
1405 707 1458 759 (si
1496 713 1640 747 contr]
1677 721 1773 748 eum

155 773 316 812 litteras
340 772 565 823 impetrare
591 770 803 821 maluerit)
829 770 879 810 de
904 770 994 810 iure
1022 784 1099 810 suo
1125 771 1248 811 debet
1274 771 1387 824 apud
1410 772 1586 812 eosdem
1612 771 1773 812 iudices

154 836 361 889 experiri:
397 836 475 875 nisi
509 849 584 875 eos
617 841 659 875 ut
694 841 917 886 suspectos
949 835 1103 887 poterit
1135 849 1392 876 recusare».
1431 836 1523 886 Qua
1558 837 1609 876 de
1643 850 1771 877 causa

151 900 280 939 etiam
305 913 414 939 nunc
436 905 713 939 excusaretur
739 912 760 938 a
787 899 1113 939 reconventione
1141 900 1314 952 proprie
1342 899 1451 940 dicta
1478 900 1769 941 instauranda.

262 965 439 1003 Demum
465 970 582 1004 cavet
603 962 621 1006 ἓ
642 964 679 1002 2.
707 964 993 1004 Reconventio
1019 964 1060 1003 in
1085 963 1120 1008 §⁰
1139 964 1314 1009 definita
1336 965 1414 1005 sed
1435 979 1489 1005 ex
1514 971 1633 1017 parte
1659 965 1775 1018 prin-

153 1028 303 1079 cipalis
335 1028 490 1068 actoris
519 1028 728 1067 adversus
756 1028 953 1068 eumdem
984 1041 1119 1075 reum,
1153 1028 1252 1081 quia
1283 1035 1347 1069 est
1374 1029 1590 1071 additum:
1627 1044 1773 1071 recon-

154 1093 358 1132 rcntioan
390 1093 638 1132 enunciatae
670 1097 795 1132 antea
829 1106 911 1132 non
945 1093 1179 1132 admittitur
1212 1107 1235 1133 a
1268 1094 1374 1141 iure,
1411 1094 1477 1134 cui
1513 1095 1770 1134 conformari

153 1156 272 1195 debet
306 1156 445 1195 iudex.

252 1221 354 1255 180.
384 1220 598 1256 thensio
639 1220 1001 1256 reconventionis
1038 1221 1316 1257 adhibendae
1354 1222 1480 1262 certis
1507 1222 1772 1262 circum-scri-

148 1285 258 1324 bitur
290 1285 508 1325 limitibus.
544 1286 604 1325 De
637 1299 721 1338 quo
751 1292 901 1326 tractat
933 1300 1023 1326 can.
1063 1288 1177 1326 1691.
1213 1286 1334 1326 Actio
1367 1287 1767 1334 reconventionalis,

148 1352 205 1389 uti
239 1363 366 1400 supra
398 1350 568 1389 definita
596 1356 676 1397 est,
708 1351 848 1390 locum
876 1351 1032 1390 habere
1061 1355 1216 1403 potes-t,
1246 1350 1356 1391 sicut
1382 1364 1435 1391 ex
1464 1351 1612 1404 regula
1645 1365 1770 1404 gene-

148 1414 241 1459 rali,
274 1415 312 1453 in
343 1415 538 1454 omnibus
568 1415 708 1454 causis
738 1415 1029 1463 contentiosis,
1057 1415 1232 1467 quando
1260 1428 1412 1467 nempe
1443 1415 1582 1468 agitur
1611 1416 1769 1456 directe

146 1478 198 1517 (le
234 1477 496 1528 privatorum
531 1477 621 1518 iure
655 1478 911 1518 vindicando
947 1485 1017 1518 aut
1054 1480 1365 1531 persequendo,
1388 1480 1591 1531 exceptis
1627 1480 1768 1520 causis·

147 1554 313 1592 reapse7
351 1555 427 1580 seu
465 1542 775 1594 cognoscendis
812 1555 859 1582 ac
897 1543 1101 1582 sententia
1140 1543 1353 1591 finiendis,
1391 1544 1540 1596 quales
1578 1543 1661 1584 dici
1698 1558 1770 1584 ne-

148 1611 304 1656 queunt
330 1606 635 1646 sententiarum
662 1606 970 1658 exequutiones
998 1607 1266 1659 aliquatenus
1295 1614 1608 1656 controversae,
1638 1609 1769 1660 spolii

145 1669 272 1708 etiam
304 1670 476 1721 proprie
509 1670 621 1710 dicti.
652 1671 888 1710 secundum
920 1670 986 1711 ius
1017 1672 1204 1712 anterius
1236 1672 1277 1711 in
1309 1685 1402 1724 cap.
1435 1674 1459 1712 3
1491 1673 1584 1713 «de
1617 1673 1766 1713 ordine

147 1732 479 1784 cognitionum»
514 1734 586 1783 (II,
623 1737 687 1784 10)
719 1735 763 1774 X.

255 1797 320 1836 Sic
353 1797 466 1836 enim
498 1798 679 1838 decrevit
715 1798 847 1852 Greg.
884 1799 957 1839 IX:
996 1800 1178 1855 «Super
1210 1800 1484 1851 sploliatione
1518 1807 1763 1848 conventus,

147 1861 348 1901 adversus
387 1862 695 1903 restitutionem
735 1869 946 1916 petentem
985 1877 1068 1903 non
1105 1870 1170 1904 est
1209 1864 1308 1916 (nisi
1348 1878 1477 1916 super
1517 1865 1765 1917 quaestione

146 1925 431 1976 spoliationis)
474 1927 509 1966 si
557 1941 651 1967 eum
694 1928 980 1976 reconveniat‚
1027 1929 1286 1969 audiendus:
1335 1930 1442 1970 Cum
1485 1929 1764 1969 restitutionis

145 1990 289 2042 lutino
323 1991 362 2029 in
398 1992 476 2031 hoc
510 1992 777 2045 piixilegiata
812 1999 1027 2041 noscatm,
1064 2000 1108 2033 ut
1141 1994 1279 2045 ipsam
1315 1994 1540 2041 intentans
1577 2008 1659 2033 non
1694 2008 1764 2033 co-

147 2061 267 2096 <ritui
297 2061 389 2095 inte
418 2056 741 2101 1estitutionem
774 2057 1080 2127 spoliatoiibus
1108 2058 1383 2109 respondere.
1412 2083 1467 2087 —
1495 2058 1763 2110 Quamquam

144 2105 194 2158 ab
233 2120 398 2171 agendo
436 2121 708 2171 (spoliatione
747 2121 797 2161 ab
833 2121 897 2161 eis
934 2121 975 2160 in
1012 2121 1186 2161 modum
1221 2121 1486 2173 exceptionis
1524 2122 1765 2174 p10posita)

143 2196 186 2220 ιι
193 2182 372 2233 pellatui
395 2198 430 2222 ».

251 2246 327 2285 His
363 2247 503 2287 causis
537 2249 728 2301 exceptis
763 2263 846 2288 non
884 2255 1082 2300 putamus
1119 2249 1482 2290 adnumerandam
1518 2249 1763 2302 petitionem

143 2309 420 2350 restitutionis
459 2311 657 2363 depositi,
703 2326 797 2353 cum
836 2313 940 2353 haec
982 2313 1206 2366 denegatio
1247 2314 1390 2354 multis
1429 2328 1483 2354 ex
1525 2314 1762 2354 rationibus

142 2378 267 2423 queat
296 2386 390 2412 esse
423 2374 530 2413 iusta
560 2376 828 2426 exponendis
859 2390 934 2428 per
963 2377 1258 2428 exceptionem
1290 2383 1359 2418 aut
1391 2377 1761 2418 reconventionem

140 2435 404 2485 depositarii.

242 2505 339 2539 181.
367 2506 675 2550 competentia
715 2509 877 2544 iudicis
919 2509 1040 2545 circa
1081 2511 1470 2546 reconventionem
1516 2506 1760 2546 necessario

139 2562 217 2601 suit
254 2564 531 2613 exprimenda
572 2566 623 2605 ad
662 2580 856 2607 normam
895 2568 1006 2608 Iuris
1047 2569 1346 2617 Deffl’etalium,
1388 2576 1432 2609 ut
1471 2570 1643 2621 patebit.
1688 2570 1757 2610 Sic

136 2626 250 2664 enim
280 2626 464 2678 loquitur
495 2628 614 2668 Alex.
648 2630 709 2669 III
742 2631 781 2669 in
814 2644 905 2683 cap.
940 2647 960 2670 «
985 2632 1227 2680 Exiitterivs
1248 2648 1269 2673 »
1303 2636 1338 2681 1,
1372 2634 1465 2674 «de
1496 2634 1653 2674 mutuis
1685 2647 1756 2685 pe—

139 2689 359 2729 titionibus
381 2706 401 2731 »
436 2691 509 2742 (11,
545 2695 609 2742 4):
647 2694 903 2743 «Quoniam
936 2696 1114 2737 rationis
1148 2697 1254 2737 ordo
1285 2697 1433 2750 exigit,
1473 2704 1515 2738 ut
1548 2698 1758 2750 plebanus

138 2758 175 2791 et
213 2753 352 2792 clerici
393 2755 657 2795 Maturcnses
697 2758 837 2797 abbati
875 2765 915 2798 et
952 2760 1157 2800 fratribus
1195 2760 1453 2801 Maturensis
1490 2761 1752 2809 monasterii,

139 2816 189 2855 de
221 2816 270 2855 iis
299 2830 405 2868 quac
437 2818 639 2858 adversus
667 2833 743 2859 eos
773 2828 1030 2872 proponunt,
1064 2823 1242 2863 debeant
1271 2824 1313 2863 in
1343 2830 1482 2864 vestra
1514 2825 1754 2877 praesentia
