1914 3083
160 98 204 131 12
609 98 698 131 Lm.
728 97 795 131 IV.
824 116 837 121 -
865 96 974 130 PARS
1000 96 1031 130 Ι.
1060 115 1073 120 -
1100 95 1159 130 De
1186 95 1341 128 §casticiis

205 204 306 238 mx.
336 205 440 238 1564.
481 223 491 227 -
528 203 700 237 Ratione
738 202 795 235 rei
836 202 937 236 sitae
1057 201 1157 235 CAN.
1188 202 1293 235 1565.
1322 220 1335 225 -
1375 201 1451 241 §L
1494 198 1663 233 Ratione
1696 210 1787 234 con-

159 262 250 295 pars
277 250 484 285 conveniri
512 254 642 294 potest
670 260 801 283 coram
823 248 934 282 Ordi-
1007 251 1161 283 tractus
1179 259 1271 292 pars
1284 246 1492 281 conveniri
1508 250 1642 290 potest
1655 257 1786 281 coram

158 298 271 332 nario
309 298 401 339 loci,
431 297 499 331 ubi
540 308 601 330 res
640 296 818 339 litigiosa
857 296 935 330 sita
1008 295 1221 330 Ordinario
1256 294 1333 328 loci
1369 294 1410 327 in
1447 304 1524 337 quo
1558 297 1786 328 contractus

157 350 230 389 cst.
249 345 405 389 quoties
420 344 526 378 actio
541 344 580 378 in
598 355 677 377 rem
695 343 847 377 directa
866 343 931 377 sit.
1008 343 1136 377 initus
1161 346 1222 376 est
1248 341 1313 376 vel
1339 340 1552 385 adimpleri
1580 340 1712 375 debet.

381 467 556 512 ——apud
588 478 783 511 quaenam
819 467 1041 502 tribunalia
1067 466 1383 511 pertractandis:
1421 465 1502 500 Tit.
1540 466 1569 499 I.
1605 466 1664 499 De
1700 465 1786 500 foro

520 515 779 559 competenti.

381 630 423 634 —
443 609 574 653 quoad
606 631 648 634 —
668 609 845 643 tribunal
881 631 921 634 —
951 609 1191 644 diversitas:
1221 609 1301 642 Tit.
1331 609 1382 642 II.
1411 609 1471 643 De
1498 608 1623 643 variis
1661 607 1786 642 tribu-

420 668 549 701 perso-
671 657 816 691 consti-
1022 656 1175 690 nalium
1203 656 1395 700 gradibus
1421 659 1462 690 et
1488 655 1712 700 speciebus.

446 715 518 738 nas
545 726 579 728 —
628 708 788 739 tuentes
818 724 862 728 —

881 771 922 775 —-
950 753 1182 794 praecepta:
1224 749 1305 783 Tit.
1324 750 1398 783 III.
1429 750 1488 783 De
1507 749 1725 794 disciplina
1743 749 1785 783 in

1021 796 1297 831 tribunalibus
1323 797 1534 832 servanda.

604 912 648 915 —
674 891 991 925 contendentes:
1021 890 1102 924 Tit.
1132 891 1196 924 IV.
1227 891 1285 925 De
1313 891 1496 935 partibus
1523 890 1564 924 in
1592 901 1723 925 causa.

794 1007 838 1010 —
866 985 1019 1019 motivo
1045 985 1294 1019 diversorum
1322 985 1496 1019 iurium:
1534 985 1614 1019 Tit.
1643 985 1690 1019 V.
1727 985 1785 1019 De

934 1033 1163 1068 actionibus
1190 1036 1231 1067 et
1257 1033 1577 1077 exceptionibus.

995 1147 1038 1152 —
1066 1127 1340 1171 provocantis:
1374 1127 1442 1161 Tit
1467 1128 1534 1161 VI.
1564 1127 1623 1161 De
1642 1137 1785 1160 causae

1136 1174 1453 1209 introductione.

597 1172 648 1184 ,—-
676 1151 750 1185 ini-
795 1172 836 1175 —
868 1163 915 1184 ex

596 1197 704 1233 1ΐίιιιη
734 1220 776 1223 -—
805 1203 917 1242 parte
933 1152 989 1289 -Ι

994 1290 1038 1293 -
1065 1268 1300 1313 provocati:
1341 1268 1425 1323 frit.
1462 1268 1551 1303 VII.
1597 1268 1656 1301 De
1699 1267 1785 1302 litis

1135 1320 1444 1350 contestatione.

1017 1431 1061 1435 —
1087 1411 1128 1445 in
1156 1421 1223 1444 se:
1261 1410 1341 1464 Tit.
1371 1411 1481 1445 VIII.
1519 1411 1578 1445 De
1609 1409 1697 1444 litis
1726 1409 1784 1443 in-

1159 1461 1322 1492 stantia.

793 1431 836 1435 ——
864 1421 952 1444 cuni

799 1459 944 1492 effectu
958 1478 1000 1482 ——

1019 1573 1061 1576 —
1087 1563 1159 1596 per
1184 1551 1382 1586 iudicem:
1420 1552 1499 1586 Tit.
1530 1553 1600 1586 IX.
1633 1552 1692 1585 De
1726 1551 1785 1585 in-

154 1598 286 1633 Sectio
308 1599 335 1632 1.
1158 1599 1502 1644 terrogationibus
1532 1599 1715 1644 partibus
1740 1598 1781 1632 in

153 1646 335 1699 De..i¹¹‘.h‘
593 1685 595 1694 Ι
1162 1647 1314 1682 iudicio
1341 1647 1553 1682 faciendis

185 1704 258 1727 cns
284 1704 324 1727 in

153 1751 298 1783 genere
319 1762 360 1765 —-
379 1761 420 1765 —
448 1740 554 1775 circa
897 1762 941 1766 —
968 1753 1038 1786 per
1064 1741 1226 1776 diversa
1251 1741 1406 1776 media:
1440 1741 1518 1775 Tit.
1550 1742 1598 1775 X.
1620 1742 1679 1776 De
1697 1751 1784 1784 pro-

400 1799 556 1831 proces—
593 1810 594 1824 1
1016 1789 1263 1823 bationibus.

447 1846 513 1869 sus
540 1846 868 1879 —1-—proseqnu-

592 1882 594 1890 ’
655 1882 807 1916 tionem
836 1903 881 1908 —
898 1904 941 1908 ——
967 1883 1099 1927 quoad
1115 1883 1380 1928 emergentia:
1399 1883 1478 1917 Tit.
1491 1884 1560 1916 XI.
1574 1883 1633 1916 De
1652 1881 1783 1917 causis

1014 1931 1304 1965 incidentibus.

590 2039 593 2063 1
896 2045 939 2049 ——
966 2025 1016 2058 ob
1036 2024 1392 2068 disceptationem:
1415 2024 1494 2059 Tit.
1514 2025 1604 2058 XII.
1621 2025 1680 2058 De
1696 2035 1782 2068 pro-

590 2070 593 2122 ζ
1013 2082 1146 2106 cessus
1160 2071 1448 2116 publicatione,
1462 2072 1511 2106 de
1526 2071 1782 2106 conclusione

590 2123 592 2135 *
1013 2119 1054 2153 in
1082 2130 1201 2153 causa
1227 2123 1267 2153 et
1285 2119 1335 2153 de
1353 2130 1495 2153 causae
1515 2119 1778 2154 discussione.

590 2193 591 2204 1

590 2212 642 2236 ’--
664 2213 796 2247 termi-
824 2234 867 2237 —
887 2225 934 2246 cx
954 2217 1066 2258 parte
1082 2213 1248 2248 iudicis:
1270 2213 1351 2247 Tit.
1365 2214 1476 2248 XIII.
1490 2214 1548 2247 De
1564 2213 1778 2248 sententia.

622 2270 716 2293 num
763 2281 807 2285 —

590 2304 591 2307 '
824 2328 866 2332 —
895 2319 965 2352 per
980 2308 1044 2342 de·
1072 2328 1116 2332 —
1148 2308 1406 2342 instabilem:
1451 2307 1531 2342 Tit.
1570 2308 1675 2342 XIV.
1720 2308 1779 2341 De

868 2355 1016 2389 finitio·
1189 2355 1290 2389 iuris
1316 2355 1505 2390 remediis
1532 2359 1671 2390 contra>
1694 2366 1781 2389 sen-

587 2376 591 2509 Ι
893 2414 982 2436 nem
1014 2423 1054 2427 —-
1189 2403 1374 2437 tentiam.

588 2629 589 2644 1

588 2661 589 2680 1

1062 2479 1115 2522 1-
1142 2497 1317 2531 firmam:
1347 2497 1427 2531 Tit.
1451 2497 1534 2532 XV.
1564 2498 1622 2531 De
1649 2508 1690 2531 re
1721 2496 1780 2530 iu-

1189 2544 1324 2579 dicata
1358 2548 1398 2578 et
1432 2544 1482 2578 de
1520 2543 1778 2579 restitutione

1189 2592 1231 2625 in
1259 2592 1476 2636 integrum.

588 2689 640 2706 ¹-—
668 2682 868 2725 impensas
895 2683 1144 2718 subeundas:
1174 2684 1254 2718 Tit.
1284 2685 1389 2720 XVI.
1423 2686 1481 2719 De
1509 2685 1695 2729 expensis
1721 2685 1778 2719 iu-

738 2729 953 2764 dicialibus
980 2734 1021 2765 et
1046 2731 1224 2775 gratuito
1254 2732 1492 2776 patrocinio.

375 2843 417 2846 —
445 2822 575 2866 quoad
596 2822 657 2856 ius
677 2822 731 2856 ibi
753 2822 903 2857 dictum
920 2837 927 2857 :
957 2824 1036 2858 Tit.
1056 2825 1181 2859 XVII.
1204 2826 1261 2859 De
1281 2826 1517 2860 executione
1537 2826 1775 2861 sententiae.
