1914 3083
197 63 265 94 524
652 59 738 93 Luz.
767 58 832 91 IV.
861 77 874 81 -
901 57 1010 90 Plus
1037 57 1066 90 Ι.
1096 76 1109 81 -
1136 56 1194 90 De
1222 55 1375 90 iudiciis

870 282 1041 317 CAPUT
1079 283 1169 316 VII.

402 381 466 415 De
492 379 670 415 casibus
697 377 895 422 exceptis
921 388 948 412 a.
974 377 1143 422 regulis
1169 378 1397 421 hucusque
1423 377 1624 413 traditis.

248 507 348 541 CAN,
378 507 483 540 1990.
505 525 517 530 -
545 504 641 538 Cum
662 515 710 537 ex
729 506 838 537 certo
857 506 898 537 et
917 513 982 536 au-

201 554 383 589 thentico
425 553 680 594 documento,
727 550 833 594 quod
880 549 983 584 nulli

202 599 515 636 contradictioni
551 599 617 633 vel
657 597 886 642 exceptioni
918 597 985 631 ob-

202 649 368 683 noxium
411 648 477 691 sit,
519 646 749 681 constiterit
791 644 840 678 de
883 645 985 679 exsi-

202 696 352 731 stentia
402 694 686 739 impedimenti
730 692 986 736 disparitatis

202 744 347 785 cultus,
377 743 545 785 ordinis,
577 741 660 775 voti
690 740 898 774 sollemnis
925 751 986 774 ca-

204 791 370 830 stitatis,
403 789 622 834 ligaminis,
659 787 986 832 consanguinita-

205 839 271 881 tis,
300 838 510 873 affinitatis
537 841 607 871 ant
634 835 888 880 cognationis
907 835 986 879 spi-

203 886 379 925 ritualis,
397 885 597 928 simulque
623 883 710 927 pari
739 882 987 917 certitudine

203 933 436 978 apparuerit
479 930 824 976 dispensationem
868 941 988 974 snper

203 981 267 1015 his
286 979 590 1024 impedimentis
617 979 751 1013 datam
778 989 856 1011 non
885 989 985 1021 esse,

203 1028 313 1062 hisce.
332 1028 373 1061 iu
394 1027 565 1070 casibus,
587 1025 885 1070 praetermissis
912 1025 988 1059 sol-

204 1075 488 1110 lemnitatibus
526 1074 730 1117 hucusque
757 1072 986 1113 recensitis,

205 1123 355 1168 poterit
370 1122 617 1161 Ordinarins,
635 1120 772 1155 citatis
787 1120 984 1165 partibus,

208 1170 455 1205 matrimonii
495 1169 728 1203 nullitatem
765 1168 986 1211 declarare,

207 1229 295 1252 011111
335 1218 571 1252 interventu
598 1220 735 1250 tamen
762 1215 990 1251 defensoris

207 1265 378 1299 vinculi.

255 1313 356 1347 CAN.
386 1312 492 1346 1991.
522 1332 534 1336 -
562 1310 769 1345 Adversus
794 1311 896 1345 hanc
924 1310 991 1344 de-

1057 501 1321 536 clarationem
1365 501 1555 536 defensor
1596 502 1765 547 vinculi,
1807 501 1840 537 si

1057 549 1279 593 prudenter
1324 549 1623 584 existimaverit
1672 549 1841 594 impedi-

1058 600 1194 631 menta
1220 596 1269 631 de
1297 596 1443 640 quibus
1469 596 1513 630 in
1540 608 1626 631 can.
1649 598 1742 632 1990
1759 608 1841 632 11011

1058 655 1145 678 esse
1173 647 1282 678 certa
1307 648 1379 678 aut
1404 644 1750 688 dispensationem
1779 655 1842 680 su-

1058 703 1129 736 per
1167 691 1317 726 eisdem
1357 691 1626 735 probabiliter
1651 691 1843 727 interces-

1059 739 1171 783 sisse,
1190 749 1408 783 provocare
1424 742 1586 776 tenetur
1599 739 1651 774 ad
1666 739 1842 774 iudicem

1059 787 1259 822 secundae
1285 786 1523 830 instantiae,
1544 787 1596 821 ad
1617 798 1735 831 quem
1755 790 1845 822 acta

1060 838 1156 869 snut
1180 833 1497 869 transmittenda
1515 834 1664 878 quique
1692 834 1844 879 scripto

1058 882 1286 916 monendus
1305 885 1367 916 est
1385 882 1451 926 agi
1471 881 1521 915 de
1539 892 1633 916 casu
1660 885 1841 927 excepto.

1107 929 1209 964 CAN,
1238 930 1344 963 1992.
1374 950 1387 954 -
1414 929 1541 964 Iudex
1579 929 1748 965 alterius
1784 929 1845 963 in-

1061 977 1250 1021 stantiae,
1279 987 1369 1011 cum
1404 977 1490 1011 solo
1516 976 1755 1011 interventu
1778 977 1844 1012 de-

1061 1024 1235 1059 fensoris
1274 1024 1443 1069 vinculi,
1477 1024 1667 1059 decernet
1704 1024 1845 1059 eodem

1061 1072 1179 1106 modo
1206 1072 1256 1106 de
1283 1082 1362 1115 quo
1387 1072 1430 1106 in
1457 1083 1545 1106 can.
1575 1072 1679 1117 1990,
1709 1075 1843 1107 utrum

1061 1119 1265 1154 sententia
1291 1118 1346 1153 sit
1373 1119 1660 1163 confirmanda,
1693 1131 1744 1154 an
1778 1130 1845 1164 po-

1062 1167 1145 1201 tius
1171 1166 1472 1211 procedendum
1499 1166 1542 1200 in
1569 1177 1688 1201 causa
1715 1167 1769 1202 sit
1793 1166 1846 1202 ad

1062 1214 1312 1249 ordinarium
1341 1214 1546 1249 tramitem
1571 1214 1688 1257 iuris,
1705 1225 1784 1258 quo
1802 1214 1845 1249 in

1061 1273 1156 1297 casu
1182 1273 1269 1296 eam
1296 1261 1472 1297 remittit
1490 1262 1541 1296 ad
1559 1261 1740 1296 tribunal
1766 1262 1846 1307 pri-

1061 1321 1150 1344 mae
1176 1309 1414 1344 instantiae.

297 1426 404 1461 550.
419 1424 668 1468 Inscriptio
682 1423 847 1468 capitis
861 1425 908 1459 et:
922 1423 1055 1458 huius
1069 1425 1165 1458 tres
1180 1433 1384 1458 canones.
1395 1443 1439 1447 —
1451 1417 1555 1457 Can.
1583 1419 1630 1456 21
1660 1416 1840 1468 loquens

213 1486 262 1525 (le
302 1485 468 1536 legibus
501 1483 804 1523 ecclesiast-icis
840 1483 994 1522 edixit:
1037 1498 1058 1521 «
1082 1483 1217 1535 Leges
1255 1483 1363 1521 latae
1403 1482 1454 1521 ad
1494 1481 1833 1534 praecavendum

213 1549 448 1601 periculum
484 1548 696 1600 generale,
735 1552 900 1599 urgent,
935 1547 1103 1586 etiamsi
1141 1547 1180 1585 in
1219 1560 1318 1585 casu
1356 1546 1559 1597 peculiari
1597 1545 1833 1597 periculum

215 1627 295 1652 non
339 1613 509 1652 adsit».
557 1613 692 1651 Porro
736 1613 893 1651 scimus
936 1611 1063 1658 mala,
1110 1624 1291 1663 quorum
1336 1610 1539 1661 periculis
1581 1610 1712 1649 voluit
1758 1610 1834 1649 Be-

220 1679 315 1717 ned.
351 1678 440 1717 xlx*
474 1677 645 1716 obviare
679 1690 753 1728 per
787 1676 996 1728 speciales
1029 1689 1217 1722 normas,
1252 1689 1359 1727 quae
1394 1680 1572 1715 statutae
1603 1675 1658 1714 ab
1689 1675 1840 1714 eodem

218 1756 351 1793 usque
383 1756 489 1781 nunc
520 1748 560 1781 et
590 1742 630 1780 in
662 1741 818 1781 Codice
846 1747 945 1781 sunt
975 1741 1116 1793 quoad
1147 1740 1337 1792 vigorem
1371 1745 1683 1791 111-(1050110130.
1718 1739 1840 1778 Diffi-

218 1808 389 1846 tendnm
428 1812 569 1845 [autem
611 1820 693 1845 non
732 1812 811 1852 est,
854 1819 1159 1857 nonnunquam
1201 1804 1391 1844 accidere
1434 1803 1747 1843 controversias
1787 1803 1840 1843 de

218 1872 384 1910 vinculo
418 1870 734 1912 matrimoniali.
773 1871 885 1923 quod
922 1876 1183 1910 contractum
1218 1870 1293 1909 fuit
1328 1869 1544 1909 *evidenter
1579 1882 1674 1908 011111
1708 1869 1841 1919 1111ρο-

219 1935 403 1975 (1111101110
437 1935 666 1981 1111111101111,
703 1935 767 1974 vel
799 1935 860 1974 1510
897 1934 1103 1974 accidisse
1137 1934 1279 1973 facilis
1308 1947 1404 1973 esse
1442 1932 1721 1984 probationis.
1759 1933 1841 1972 Ve—

221 2005 455 2038 rumtamen
497 1999 549 2038 ob
588 1998 744 2037 dictam
783 1998 989 2037 rationem
1028 2003 1169 2037 essent
1206 1997 1344 2036 »adhuc
1385 1997 1619 2035 servandae
1661 1996 1778 2047 leges
1818 2009 1839 2034 a

220 2063 376 2102 Bened.
416 2063 506 2103 XIV
545 2063 683 2115 primo
721 2063 929 2102 conditae.
973 2062 1053 2102 Sed
1094 2075 1238 2101 revera
1278 2062 1317 2100 in
1357 2061 1423 2100 1115
1462 2061 1631 2100 casibus
1670 2060 1837 2099 nonnisi

221 2141 315 2167 cnm
348 2127 553 2178 temporis
589 2127 746 2166 iactura
781 2132 1077 2177 expectaretur
1112 2126 1338 2165 dissolutio
1377 2125 1625 2176 apparentis
1658 2123 1838 2163 vinculi:

218 2197 256 2229 01
296 2191 327 2228 si
369 2192 444 2230 1100
479 2191 648 2229 01011110,
687 2191 920 2241 putandum
955 2196 1065 2229 05501
1106 2190 1251 2235 semel,
1292 2189 1458 2235 iterum,
1498 2189 1562 2227 vel
1601 2201 1714 2234 raro,
1755 2200 1837 2226 11011

219 2256 352 2293 tulerit
388 2255 590 2294 motivum
626 2269 783 2307 cogens
815 2255 1110 2305 exceptionem
1143 2254 1354 2293 statuendi
1392 2267 1466 2304 per
1502 2253 1654 2304 legem,
1691 2265 1789 2291 nem
1826 2253 1834 2271 ¹

224 2319 356 2357 «iura
398 2320 591 2358 constitui
631 2325 811 2371 oportet,
851 2325 893 2358 ut
930 2319 1035 2358 dixit
1073 2319 1410 2369 Theophrastus,
1452 2318 1492 2356 in
1531 2317 1611 2364 his,
1652 2329 1760 2368 quae
1798 2321 1839 2355 ut

224 2383 451 2433 plurimum
487 2383 694 2425 accidunt.
732 2397 813 2422 non
848 2397 955 2435 quae
987 2397 1041 2422 ex
1076 2383 1354 2435 inopinato».
1396 2381 1667 2433 Experientia
1700 2386 1839 2420 tamen

226 2453 486 2497 cmnpertnm
511 2454 574 2486 est
603 2448 680 2486 1105
705 2448 1023 2498 01100111101111105
1050 2448 1159 2499 legis
1184 2448 1377 2486 defectus
1404 2447 1552 2486 adesse
1581 2446 1840 2497 frequentes,

226 2511 333 2549 und«—
366 2511 576 2561 peculiarc
607 2512 671 2550 ius
701 2512 843 2551 debuit
871 2512 977 2551 dari.
1011 2512 1242 2562 Propterea
1274 2511 1546 2563 subsequitur
1577 2511 1712 2560 Caput
1748 2509 1837 2548 VII.

228 2576 289 2613 Dc
318 2576 485 2613 faribus
520 2576 606 2613 iure
638 2577 822 2626 arreptis
855 2575 963 2615 circa
995 2576 1251 2615 matrimonii
1282 2576 1496 2614 vinculum
1525 2574 1844 2614 dissolvendum

225 2638 510 2677 declaratione
543 2653 564 2676 ιι
598 2640 755 2690 regulis
788 2641 1005 2690 ltus-usquc
1039 2640 1079 2677 in
1111 2639 1189 2678 hoc
1222 2652 1372 2690 nempe
1406 2639 1546 2678 Titulo
1579 2638 1756 2677 traditis.

336 2703 423 2741 Hoc
460 2702 524 2741 ins
559 2702 810 2742 obiectix‘um
844 2703 970 2742 tradit
1005 2718 1095 2742 can.
1136 2705 1250 2749 1990,
1289 2704 1353 2742 0111
1390 2702 1576 2743 succedit
1612 2715 1703 2742 can.
1744 2704 1840 2741 1991

332 2839 388 2872 ¹1.
406 2841 426 2872 3
443 2839 506 2872 tit.
528 2839 561 2871 3.
585 2839 625 2872 ff.
