1914 3083
195 91 267 124 260

630 91 717 124 Lm.
748 91 815 125 IV.
844 110 858 115 -
886 91 993 124 PAlts
1021 91 1051 124 Ι.

1080 111 1093 115 -
1121 90 1179 125 De
1207 91 1360 127 iudiciis

193 209 367 248 verbum
400 208 532 248 innuit
563 208 715 248 iudicis
744 208 959 248 decretum
986 221 1082 249 esse
1113 215 1375 262 postremum
1405 210 1447 250 in
1477 211 1810 262 renunciatione,

191 286 269 323 pro
299 274 402 311 (ictis
433 272 585 322 quibus
616 272 900 311 renuntiatum
931 277 990 312 est
1022 272 1135 312 iuxta
1168 274 1282 314 illius
1308 275 1598 316 diversitatem
1625 291 1679 316 ex
1709 276 1743 321 §⁰
1774 281 1812 317 1Ο

192 344 305 375 can.S
341 338 455 381 1740.
493 338 532 384 ιι)
568 336 740 374 eosdem
772 336 882 387 parit
918 337 1091 388 effectus
1128 338 1366 377 declaratos
1402 339 1442 377 in
1480 353 1571 379 can.
1612 343 1726 389 1738,
1763 356 1809 381 o<-

193 400 428 450 Jwremplio
464 400 686 438 instantiae
719 400 852 439 «iure
886 400 979 451 ipso
1013 401 1169 441 obtinet
1195 416 1229 450 »;
1267 407 1303 441 et
1337 403 1495 455 obligat
1528 404 1719 455 praeci-se
1752 420 1815 445 re-

195 464 455 502 nuntiantem
476 464 530 502 ad
551 464 776 504 solt-endas
800 478 1009 514 emensas
1032 465 1300 517 singulorum
1322 472 1510 507 actorum
1536 468 1812 509 iudicialium.

195 527 347 577 quibus
381 529 665 567 renuntiatum
696 528 787 578 fuit.

804 735 1087 778 TITULUS
1121 737 1209 778 IX.

188 845 266 887 De
298 845 860 896 interrogationibus
894 845 1160 895 partibus
1185 846 1247 887 in
1271 846 1487 890 iudicio
1521 847 1831 891 faciendis.

234 990 334 1024 CAN.
365 990 468 1023 1742.
491 1008 504 1013 -
523 992 539 1030 §x
567 990 600 1022 1.
620 988 743 1022 Iudex
763 988 815 1022 ad
833 999 971 1023 eruen-

187 1037 278 1072 dam
306 1036 521 1070 veritatem
550 1036 649 1070 facti
677 1036 783 1079 quod
810 1036 971 1079 publice

187 1085 357 1119 interest
385 1087 430 1117 ut
456 1087 568 1117 extra
597 1083 764 1117 dubium
781 1088 969 1129 ponatur,

186 1132 307 1167 debet
332 1134 467 1175 partes
493 1130 757 1175 interrogare.

234 1183 250 1220 §x
278 1180 311 1212 ⁴2.
342 1178 386 1212 In
405 1178 499 1213 aliis
518 1178 679 1213 casibus
694 1182 827 1222 potest
846 1190 970 1213 unum

186 1238 233 1260 ex
260 1226 601 1260 contendentibus
622 1226 871 1271 interrogare
891 1238 971 1261 non

186 1274 314 1308 solum
325 1273 377 1308 ad
397 1273 605 1308 istantiam
624 1273 793 1308 alterius
827 1274 968 1318 partis.

186 1321 256 1356 sed
283 1324 406 1355 etiam
435 1332 483 1355 ex
509 1321 658 1366 officio,
689 1321 848 1365 quoties
889 1322 970 1367 agi-

186 1372 252 1403 tur
278 1369 327 1403 (le
354 1368 600 1404 illustranda
627 1368 865 1413 probatione
904 1369 971 1404 ad-

186 1417 322 1451 ducta.

233 1467 248 1505 ᾧ
275 1465 309 1498 3.
340 1463 614 1508 Interrogatio
640 1463 817 1507 partium
844 1463 933 1498 fieri
949 1474 971 1498 a

184 1511 319 1546 iudice
346 1514 481 1555 potest
508 1512 550 1545 in
577 1511 721 1555 quovis
748 1511 882 1545 stadio
912 1510 971 1545 iu-

185 1558 282 1593 dicii
309 1562 402 1593 ante
429 1558 731 1593 conclusionem
759 1558 801 1592 in
828 1569 969 1603 causa3

182 1610 273 1650 post
298 1606 596 1641 conclusionem
624 1606 667 1640 in
687 1617 806 1641 causa
834 1617 966 1641 serve-

184 1658 250 1688 tur
276 1653 570 1698 praescriptum
609 1664 698 1688 can.
745 1654 853 1688 1861.

229 1700 332 1735 CAN.
362 1702 467 1735 1743.
490 1721 502 1726 —
521 1705 537 1743 ᾧ
558 1704 590 1735 1.
628 1701 759 1735 Ι11(1161
786 1701 970 1746 legitime

182 1747 450 1793 interroganti
479 1753 613 1793 partes
640 1748 883 1793 respondere
913 1752 970 1783 te-

183 1800 332 1830 nentur
375 1800 415 1830 et
458 1796 578 1831 fateri
619 1796 849 1839 veritatem,
890 1796 970 1831 nisi

182 1847 326 1888 agatur
336 1843 385 1877 de
400 1843 550 1879 delicto
561 1844 610 1878 ab
626 1844 727 1889 ipsis
738 1843 966 1879 commisso.

233 1894 248 1933 §
275 1892 309 1925 2.
339 1890 378 1925 Si
406 1902 498 1935 pars
524 1891 707 1936 legitime
721 1891 968 1936 interrogata

184 1938 427 1982 respondere
454 1943 624 1982 recuset,
654 1939 795 1983 quanti
823 1938 972 1974 facien-

184 1986 235 2020 da
262 1985 317 2020 sic
344 1986 441 2020 haec
468 1986 681 2029 recusatio,
713 1991 845 2021 utrum
864 1986 972 2022 iusta

184 2033 249 2077 sit,
278 2044 328 2067 an
367 2034 613 2069 confessioni
651 2034 965 2078 aequiparanda,

184 2091 322 2125 necne,
351 2081 499 2116 iudicis
526 2085 587 2116 est
612 2082 841 2116 aestimare.

232 2131 248 2169 ᾧ
275 2129 309 2162 3.
331 2128 440 2171 Pars,
459 2140 560 2173 quae
575 2129 818 2173 respondere
833 2129 967 2173 debet,

184 2174 215 2208 si
244 2174 462 2219 illegitime
490 2177 734 2220 respondere
761 2187 971 2211 recusave-

184 2221 240 2255 rit
271 2226 342 2257 aut
385 2223 417 2256 si
461 2227 672 2267 postquam
716 2224 971 2268 responderit

183 2269 356 2304 mendax
383 2274 542 2314 reperta
584 2271 721 2315 fuerit,
762 2272 966 2315 puniatur,

183 2316 236 2350 ad
278 2320 437 2361 tempus
479 2329 501 2352 a
543 2318 678 2353 iudice
721 2329 793 2363 pro
835 2330 968 2353 rerum

184 2362 390 2398 adiunctis
430 2365 704 2400 definiendum
746 2366 969 2401 remotione

1044 990 1093 1024 ab
1120 990 1279 1025 actibus
1305 991 1502 1036 legitimis
1529 993 1831 1031 ecclesiasticis:

1045 1041 1086 1071 et
1112 1037 1145 1071 si
1171 1041 1267 1072 ante
1292 1039 1594 1083 responsionem
1629 1041 1830 1076 iusiuran-

1045 1084 1139 1118 dum
1167 1085 1216 1119 de
1244 1085 1417 1120 veritate
1453 1087 1623 1122 dicenda
1662 1090 1830 1132 praesti-

1045 1132 1155 1175 terit,
1185 1132 1312 1167 laicus
1354 1133 1573 1169 interdicto
1612 1136 1828 1180 personali,

1045 1179 1216 1214 clericus
1243 1182 1507 1225 suspensione
1533 1182 1749 1227 plectatur.

1091 1227 1193 1262 CAN.
1218 1228 1323 1262 1744.
1341 1248 1354 1253 -
1381 1228 1663 1264 Iusiurandiun
1691 1230 1739 1266 de
1767 1242 1832 1266 ve-

1047 1274 1222 1309 veritate
1250 1275 1420 1310 dicenda
1448 1277 1490 1310 in
1533 1278 1664 1312 causis
1701 1278 1833 1313 crimi-

1044 1322 1208 1356 nalibus
1235 1323 1377 1367 nequit
1403 1323 1526 1358 iudex
1551 1331 1740 1361 accusato
1767 1326 1833 1360 de-

1044 1369 1175 1413 ferre:
1205 1370 1247 1404 111
1273 1371 1554 1415 contentiosis,
1584 1373 1744 1416 quoties
1762 1374 1831 1408 bo—

1044 1428 1140 1451 num
1168 1417 1375 1461 publicum
1401 1419 1443 1452 in
1471 1430 1589 1455 causa
1615 1424 1689 1465 est,
1711 1421 1831 1455 debet

1044 1464 1149 1498 illud
1175 1476 1196 1499 a
1223 1465 1407 1508 partibus
1435 1466 1622 1512 exigere3
1651 1467 1694 1502 in
1721 1468 1829 1513 aliis,

1044 1515 1180 1556 potest
1205 1523 1277 1556 pro
1304 1524 1374 1547 sua
1401 1514 1632 1558 prudentia.

1094 1559 1193 1593 CAN.
1217 1561 1321 1594 1745.
1344 1580 1357 1585 —
1376 1564 1392 1602 ,t
1413 1564 1446 1595 1.
1480 1562 1581 1596 Tum
1608 1566 1720 1597 actor
1746 1567 1830 1598 tum

1044 1617 1136 1641 reus
1162 1607 1350 1652 invicem,
1372 1612 1457 1642 tum
1476 1610 1599 1644 etiam
1627 1614 1833 1654 promotor

1043 1654 1229 1689 iustitiae
1256 1658 1296 1690 et
1335 1655 1524 1691 defensor
1549 1657 1704 1692 vinculi
1742 1669 1831 1702 pos-

1045 1705 1137 1736 sunt
1164 1701 1293 1737 iudici
1319 1703 1510 1739 exhibere
1529 1705 1738 1749 articulos,
1761 1716 1832 1740 seu

1024 1749 1241 1794 .quaesita,
1270 1761 1390 1795 super
1415 1752 1562 1795 quibus
1588 1763 1680 1797 pars
1706 1752 1832 1788 inter·

1045 1800 1222 1842 rogetur,
1250 1809 1432 1842 quaeque
1460 1799 1583 1845 vulgo
1618 1801 1833 1845 positiones

1046 1844 1252 1879 dicuntur.

1092 1893 1169 1933 §Z
1200 1893 1245 1926 In
1285 1893 1558 1936 positionibus
1601 1894 1828 1937 exarandis,

1044 1939 1311 1974 admittendis
1338 1944 1379 1975 et
1413 1942 1519 1985 parti
1558 1942 1832 1986 proponendis

1044 1987 1208 2031 regulae
1235 1998 1325 2022 cum
1339 1989 1600 2032 proportione
1619 1992 1833 2024 serventur

1044 2045 1146 2078 quae
1190 2034 1231 2068 111
1274 2046 1363 2070 can.
1405 2038 1608 2072 1773-1781
1652 2040 1830 2072 statutae

1044 2086 1151 2116 sunt.

1091 2129 1192 2163 CAN.
1236 2130 1341 2164 1746.
1385 2150 1400 2156 -
1442 2131 1505 2165 Ad
1546 2130 1829 2166 iusiurandum

1045 2176 1333 2220 praestandum
1351 2177 1415 2212 vel
1442 2178 1833 2224 interrogationibus

1044 2224 1371 2268 respondendum
1400 2230 1536 2269 partes
1562 2226 1833 2270 personaliter

1043 2281 1175 2305 coram
1218 2272 1354 2306 iudice
1396 2284 1437 2307 se
1480 2273 1621 2308 sistere
1665 2274 1828 2318 debent,

1043 2319 1222 2363 exceptis
1248 2319 1300 2354 iis
1327 2320 1377 2354 de
1396 2320 1542 2364 quibus
1556 2320 1599 2355 in
1617 2331 1705 2356 can.
1728 2322 1829 2363 1770,

1042 2369 1058 2408 ᾗ
1085 2367 1120 2407 2,
1163 2378 1232 2400 nn.
1262 2369 1295 2409 1,
1326 2369 1360 2401 2.

300 2477 406 2511 240.
433 2477 678 2521 Inscriptio
697 2478 827 2513 tituli
846 2480 893 2514 et
912 2478 1057 2523 ipsius
1076 2489 1284 2514 canones.
1300 2500 1343 2504 -—
1357 2473 1553 2514 Vidimus
1583 2474 1697 2526 quod
1728 2473 1829 2514 cita-

206 2535 317 2574 tione
348 2535 532 2585 legitime
562 2542 755 2586 peracta:
788 2552 808 2576 «
832 2537 972 2577 Causa
1002 2537 1047 2578 fit
1074 2537 1249 2589 propria
1279 2538 1431 2578 iudicis
1460 2544 1528 2578 aut
1556 2538 1824 2578 tribunalis»

207 2599 295 2638 iure
333 2599 662 2651 praeventionis,
701 2607 738 2639 et
775 2601 859 2639 «in
896 2601 1032 2641 iudice
1067 2602 1264 2654 delegato
1302 2602 1422 2641 firma
1459 2602 1650 2642 red-ditur
1705 2602 1827 2636 invie-

208 2662 378 2702 dictio»
415 2663 452 2701 vi
489 2676 580 2702 can.
622 2666 734 2703 1725.
776 2665 956 2704 Aliunde
994 2679 1067 2704 seu
1101 2680 1155 2705 ex
1191 2679 1282 2705 can.
1324 2668 1425 2706 1726
1461 2666 1715 2706 «obiectum
1752 2679 1825 2705 seu

209 2726 384 2766 materia
414 2726 557 2767 iudicii
587 2727 854 2767 constituitur
883 2727 977 2779 ipsa
1007 2728 1092 2769 litis
1122 2729 1486 2777 contestatione»,
1514 2734 1558 2770 et
1585 2729 1699 2770 «lite
1730 2743 1829 2770 con—

211 2795 382 2830 testata:
431 2790 556 2830 iudex
601 2804 837 2842 congruum
880 2797 1048 2842 tempus
1092 2792 1286 2844 partibus
1330 2794 1580 2845 praestimat
1624 2796 1826 2845 (oportet)

210 2853 534 2904 probationibus
557 2855 849 2905 proponendis
867 2861 905 2894 et
927 2855 1152 2906 explendis
1175 2871 1195 2896 »
1219 2857 1272 2896 ad
1294 2870 1487 2896 normam
1511 2871 1601 2897 can.
1630 2859 1744 2905 1731,
1767 2859 1824 2897 3⁰.
